<?xml version="1.0" encoding="UTF-8"?>
  <collection xmlns="http://www.loc.gov/MARC21/slim">
      <record>
         <leader>00000nz  a2200169   4500</leader>
         <controlfield tag="001">30001514</controlfield>
         <controlfield tag="003">RISM</controlfield>
         <controlfield tag="005">20160216</controlfield>
         <controlfield tag="008">160216n||az|||||||##########||||||||||||</controlfield>
         <datafield tag="040" ind1=" " ind2=" ">
            <subfield code="a">GB-A</subfield>
         </datafield>
         <datafield tag="043" ind1=" " ind2=" ">
            <subfield code="c">XA-GB</subfield>
         </datafield>
         <datafield tag="110" ind1="2" ind2=" ">
            <subfield code="a">The University Library</subfield>
            <subfield code="c">Aberdeen</subfield>
            <subfield code="g">GB-A</subfield>
         </datafield>
         <datafield tag="622" ind1=" " ind2=" ">
            <subfield code="e">The University Library, University of Aberdeen, Bedford Road, Aberdeen AB24 3AA, United Kingdom</subfield>
            <subfield code="u">http://www.abdn.ac.uk/library/about/main/</subfield>
         </datafield>
      </record>