
      <record>
         <leader>00000nz  a2200169   4500</leader>
         <controlfield tag="001">30001516</controlfield>
         <controlfield tag="003">RISM</controlfield>
         <controlfield tag="005">20160216</controlfield>
         <controlfield tag="008">160216n||az|||||||##########||||||||||||</controlfield>
         <datafield tag="040" ind1=" " ind2=" ">
            <subfield code="a">GB-AB</subfield>
         </datafield>
         <datafield tag="043" ind1=" " ind2=" ">
            <subfield code="c">XA-GB</subfield>
         </datafield>
         <datafield tag="110" ind1="2" ind2=" ">
            <subfield code="a">Llyfrgell Genedlaethol Cymru</subfield>
            <subfield code="c">Aberystwyth</subfield>
            <subfield code="g">GB-AB</subfield>
         </datafield>
         <datafield tag="410" ind1="2" ind2=" ">
            <subfield code="a">The National Library of Wales</subfield>
         </datafield>
         <datafield tag="622" ind1=" " ind2=" ">
            <subfield code="e">Llyfrgell Genedlaethol Cymru, Aberystwyth SY23 3BU, Wales, United Kingdom</subfield>
            <subfield code="u">http://www.llgc.org.uk</subfield>
         </datafield>
      </record>