
      <record>
         <leader>00000nz  a2200169   4500</leader>
         <controlfield tag="001">30061527</controlfield>
         <controlfield tag="003">RISM</controlfield>
         <controlfield tag="005">20160216</controlfield>
         <controlfield tag="008">160216n||az|||||||##########||||||||||||</controlfield>
         <datafield tag="040" ind1=" " ind2=" ">
            <subfield code="a">GB-ABo</subfield>
         </datafield>
         <datafield tag="043" ind1=" " ind2=" ">
            <subfield code="c">XA-GB</subfield>
         </datafield>
         <datafield tag="110" ind1="2" ind2=" ">
            <subfield code="a">University of Wales, Hugh Owen Library</subfield>
            <subfield code="c">Aberystwyth</subfield>
            <subfield code="g">GB-ABo</subfield>
         </datafield>
         <datafield tag="622" ind1=" " ind2=" ">
            <subfield code="e">University of Wales, Hugh Owen Library, Hugh Owen Buildung, Penglais Campus, Aberystwyth SY23 3DZ, United Kingdom</subfield>
            <subfield code="u">http://www.inf.aber.ac.uk</subfield>
         </datafield>
      </record>