
      <record>
         <leader>00000nz  a2200169   4500</leader>
         <controlfield tag="001">30001517</controlfield>
         <controlfield tag="003">RISM</controlfield>
         <controlfield tag="005">20160216</controlfield>
         <controlfield tag="008">160216n||az|||||||##########||||||||||||</controlfield>
         <datafield tag="040" ind1=" " ind2=" ">
            <subfield code="a">GB-AM</subfield>
         </datafield>
         <datafield tag="043" ind1=" " ind2=" ">
            <subfield code="c">XA-GB</subfield>
         </datafield>
         <datafield tag="110" ind1="2" ind2=" ">
            <subfield code="a">Abbey &amp; College Library, St. Lawrence Abbey</subfield>
            <subfield code="c">Ampleforth</subfield>
            <subfield code="g">GB-AM</subfield>
         </datafield>
         <datafield tag="410" ind1="2" ind2=" ">
            <subfield code="a">St. Lawrence's Abbey Library, Ampleforth College</subfield>
         </datafield>
         <datafield tag="410" ind1="2" ind2=" ">
            <subfield code="a">Abbey &amp; College Library</subfield>
         </datafield>
         <datafield tag="622" ind1=" " ind2=" ">
            <subfield code="e">Abbey &amp; College Library, St. Lawrence, Abbey, Ampleforth, Vereinigtes Königreich</subfield>
         </datafield>
      </record>