
      <record>
         <leader>00000nz  a2200169   4500</leader>
         <controlfield tag="001">30076042</controlfield>
         <controlfield tag="003">RISM</controlfield>
         <controlfield tag="005">20160216</controlfield>
         <controlfield tag="008">160216n||az|||||||##########||||||||||||</controlfield>
         <datafield tag="040" ind1=" " ind2=" ">
            <subfield code="a">GB-AS</subfield>
         </datafield>
         <datafield tag="043" ind1=" " ind2=" ">
            <subfield code="c">XA-GB</subfield>
         </datafield>
         <datafield tag="110" ind1="2" ind2=" ">
            <subfield code="a">Woodhorn, Northumberland Museum and Archives</subfield>
            <subfield code="c">Ashington</subfield>
            <subfield code="g">GB-AS</subfield>
         </datafield>
         <datafield tag="622" ind1=" " ind2=" ">
            <subfield code="e">Woodhorn, Northumberland Museum and, Archives, Queen Elizabeth II Country Park, GB -  NE63 9YF Ashington, (Northumberland)</subfield>
            <subfield code="u">http://www.experiencewoodhorn.com/archive.htm</subfield>
         </datafield>
      </record>