
      <record>
         <leader>00000nz  a2200169   4500</leader>
         <controlfield tag="001">30001518</controlfield>
         <controlfield tag="003">RISM</controlfield>
         <controlfield tag="005">20160216</controlfield>
         <controlfield tag="008">160216n||az|||||||##########||||||||||||</controlfield>
         <datafield tag="040" ind1=" " ind2=" ">
            <subfield code="a">GB-AY</subfield>
         </datafield>
         <datafield tag="043" ind1=" " ind2=" ">
            <subfield code="c">XA-GB</subfield>
         </datafield>
         <datafield tag="110" ind1="2" ind2=" ">
            <subfield code="a">Centre for Buckinghamshire Studies</subfield>
            <subfield code="c">Aylesbury</subfield>
            <subfield code="g">GB-AY</subfield>
         </datafield>
         <datafield tag="410" ind1="2" ind2=" ">
            <subfield code="a">Bucks, County Record Office</subfield>
         </datafield>
         <datafield tag="622" ind1=" " ind2=" ">
            <subfield code="e">Centre for Buckinghamshire Studies, County Hall, Walton Street, Aylesbury HP20 1UU, United Kingdom</subfield>
            <subfield code="u">http://www.buckscc.gov.uk/bcc/archives/Centre_for_Buckinghamshire_Studies.page?</subfield>
         </datafield>
      </record>