
      <record>
         <leader>00000nz  a2200169   4500</leader>
         <controlfield tag="001">30006620</controlfield>
         <controlfield tag="003">RISM</controlfield>
         <controlfield tag="005">20160216</controlfield>
         <controlfield tag="008">160216n||az|||||||##########||||||||||||</controlfield>
         <datafield tag="040" ind1=" " ind2=" ">
            <subfield code="a">GB-AYRac</subfield>
         </datafield>
         <datafield tag="043" ind1=" " ind2=" ">
            <subfield code="c">XA-GB</subfield>
         </datafield>
         <datafield tag="110" ind1="2" ind2=" ">
            <subfield code="a">Ayrshire Archives</subfield>
            <subfield code="c">Ayr</subfield>
            <subfield code="g">GB-AYRac</subfield>
         </datafield>
         <datafield tag="622" ind1=" " ind2=" ">
            <subfield code="e">Ayrshire Archives, SAC Auchincruive, Watson Peat, Ayr KA6 5HW, Scotland, United Kingdom</subfield>
            <subfield code="u">http://www.ayrshirearchives.org.uk/default.asp</subfield>
         </datafield>
      </record>