
      <record>
         <leader>00000nz  a2200169   4500</leader>
         <controlfield tag="001">30078025</controlfield>
         <controlfield tag="003">RISM</controlfield>
         <controlfield tag="005">20160216</controlfield>
         <controlfield tag="008">160216n||az|||||||##########||||||||||||</controlfield>
         <datafield tag="040" ind1=" " ind2=" ">
            <subfield code="a">GB-Bah</subfield>
         </datafield>
         <datafield tag="043" ind1=" " ind2=" ">
            <subfield code="c">GB</subfield>
         </datafield>
         <datafield tag="110" ind1="2" ind2=" ">
            <subfield code="a">Archives and Heritage, Central Library</subfield>
            <subfield code="c">Birmingham</subfield>
            <subfield code="g">GB-Bah</subfield>
         </datafield>
         <datafield tag="410" ind1="2" ind2=" ">
            <subfield code="a">City Archives</subfield>
         </datafield>
         <datafield tag="622" ind1=" " ind2=" ">
            <subfield code="e">Archives and Heritage,,  Central Library, Chamberlain Square, Birmingham B3 3HQ, United Kingdom</subfield>
            <subfield code="u">http://www.birmingham.gov.uk/archives</subfield>
         </datafield>
      </record>