
      <record>
         <leader>00000nz  a2200169   4500</leader>
         <controlfield tag="001">30003845</controlfield>
         <controlfield tag="003">RISM</controlfield>
         <controlfield tag="005">20160216</controlfield>
         <controlfield tag="008">160216n||az|||||||##########||||||||||||</controlfield>
         <datafield tag="040" ind1=" " ind2=" ">
            <subfield code="a">GB-BALcrawford</subfield>
         </datafield>
         <datafield tag="043" ind1=" " ind2=" ">
            <subfield code="c">XA-GB</subfield>
         </datafield>
         <datafield tag="110" ind1="2" ind2=" ">
            <subfield code="a">Lord Crawford private library</subfield>
            <subfield code="c">Balcarres</subfield>
            <subfield code="g">GB-BALcrawford</subfield>
         </datafield>
         <datafield tag="622" ind1=" " ind2=" ">
            <subfield code="e">Lord Crawford private library, GB-Balcarres, Vereinigtes Königreich</subfield>
         </datafield>
      </record>