
      <record>
         <leader>00000nz  a2200169   4500</leader>
         <controlfield tag="001">30001522</controlfield>
         <controlfield tag="003">RISM</controlfield>
         <controlfield tag="005">20160216</controlfield>
         <controlfield tag="008">160216n||az|||||||##########||||||||||||</controlfield>
         <datafield tag="040" ind1=" " ind2=" ">
            <subfield code="a">GB-BEas</subfield>
         </datafield>
         <datafield tag="043" ind1=" " ind2=" ">
            <subfield code="c">XA-GB</subfield>
         </datafield>
         <datafield tag="110" ind1="2" ind2=" ">
            <subfield code="a">Bedfordshire Archaeological Society Library</subfield>
            <subfield code="c">Bedford</subfield>
            <subfield code="g">GB-BEas</subfield>
         </datafield>
         <datafield tag="580" ind1=" " ind2=" ">
            <subfield code="x">GB-BEcr</subfield>
            <subfield code="0">30003385</subfield>
         </datafield>
      </record>