
      <record>
         <leader>00000nz  a2200169   4500</leader>
         <controlfield tag="001">30006604</controlfield>
         <controlfield tag="003">RISM</controlfield>
         <controlfield tag="005">20160216</controlfield>
         <controlfield tag="008">160216n||az|||||||##########||||||||||||</controlfield>
         <datafield tag="040" ind1=" " ind2=" ">
            <subfield code="a">GB-BEBgreen</subfield>
         </datafield>
         <datafield tag="043" ind1=" " ind2=" ">
            <subfield code="c">XA-GB</subfield>
         </datafield>
         <datafield tag="110" ind1="2" ind2=" ">
            <subfield code="a">Roger Lancelyn Green, private library</subfield>
            <subfield code="c">Bebington</subfield>
            <subfield code="g">GB-BEBgreen</subfield>
         </datafield>
         <datafield tag="622" ind1=" " ind2=" ">
            <subfield code="e">Roger Lancelyn Green, private library, Poulton Hall, GB-Bebington, Vereinigtes Königreich</subfield>
         </datafield>
      </record>