
      <record>
         <leader>00000nz  a2200169   4500</leader>
         <controlfield tag="001">30001525</controlfield>
         <controlfield tag="003">RISM</controlfield>
         <controlfield tag="005">20160216</controlfield>
         <controlfield tag="008">160216n||az|||||||##########||||||||||||</controlfield>
         <datafield tag="040" ind1=" " ind2=" ">
            <subfield code="a">GB-BENcoke</subfield>
         </datafield>
         <datafield tag="043" ind1=" " ind2=" ">
            <subfield code="c">XA-GB</subfield>
         </datafield>
         <datafield tag="110" ind1="2" ind2=" ">
            <subfield code="a">Gerald Coke private collection</subfield>
            <subfield code="c">Bentley</subfield>
            <subfield code="g">GB-BENcoke</subfield>
         </datafield>
         <datafield tag="580" ind1=" " ind2=" ">
            <subfield code="x">GB-Lfom</subfield>
            <subfield code="0">30000966</subfield>
         </datafield>
      </record>