
      <record>
         <leader>00000nz  a2200169   4500</leader>
         <controlfield tag="001">30001524</controlfield>
         <controlfield tag="003">RISM</controlfield>
         <controlfield tag="005">20160216</controlfield>
         <controlfield tag="008">160216n||az|||||||##########||||||||||||</controlfield>
         <datafield tag="040" ind1=" " ind2=" ">
            <subfield code="a">GB-BEp</subfield>
         </datafield>
         <datafield tag="043" ind1=" " ind2=" ">
            <subfield code="c">XA-GB</subfield>
         </datafield>
         <datafield tag="110" ind1="2" ind2=" ">
            <subfield code="a">Bedford Public Library, Music Department</subfield>
            <subfield code="c">Bedford</subfield>
            <subfield code="g">GB-BEp</subfield>
         </datafield>
         <datafield tag="622" ind1=" " ind2=" ">
            <subfield code="e">Bedford Public Library, Music Department, Harpur St, GB-Bedford, Vereinigtes Königreich</subfield>
         </datafield>
      </record>