
      <record>
         <leader>00000nz  a2200169   4500</leader>
         <controlfield tag="001">30003386</controlfield>
         <controlfield tag="003">RISM</controlfield>
         <controlfield tag="005">20160216</controlfield>
         <controlfield tag="008">160216n||az|||||||##########||||||||||||</controlfield>
         <datafield tag="040" ind1=" " ind2=" ">
            <subfield code="a">GB-BEV</subfield>
         </datafield>
         <datafield tag="043" ind1=" " ind2=" ">
            <subfield code="c">XA-GB</subfield>
         </datafield>
         <datafield tag="110" ind1="2" ind2=" ">
            <subfield code="a">East Yorkshire County Record Office</subfield>
            <subfield code="c">Beverley</subfield>
            <subfield code="g">GB-BEV</subfield>
         </datafield>
         <datafield tag="410" ind1="2" ind2=" ">
            <subfield code="a">Humberside Record Office</subfield>
         </datafield>
         <datafield tag="622" ind1=" " ind2=" ">
            <subfield code="e">East Yorkshire County Record Office, GB-Beverley, Vereinigtes Königreich</subfield>
         </datafield>
      </record>