
      <record>
         <leader>00000nz  a2200169   4500</leader>
         <controlfield tag="001">30080677</controlfield>
         <controlfield tag="003">RISM</controlfield>
         <controlfield tag="005">20160216</controlfield>
         <controlfield tag="008">160216n||az|||||||##########||||||||||||</controlfield>
         <datafield tag="040" ind1=" " ind2=" ">
            <subfield code="a">GB-BGul</subfield>
         </datafield>
         <datafield tag="043" ind1=" " ind2=" ">
            <subfield code="c">XA-GB</subfield>
         </datafield>
         <datafield tag="110" ind1="2" ind2=" ">
            <subfield code="a">University Library</subfield>
            <subfield code="c">Bangor</subfield>
            <subfield code="g">GB-BGul</subfield>
         </datafield>
         <datafield tag="622" ind1=" " ind2=" ">
            <subfield code="e">University Library, College Road, Bangor LL57 2DG, United Kingdom</subfield>
            <subfield code="u">https://www.bangor.ac.uk/library/index.php.en</subfield>
         </datafield>
      </record>