
      <record>
         <leader>00000nz  a2200169   4500</leader>
         <controlfield tag="001">30002350</controlfield>
         <controlfield tag="003">RISM</controlfield>
         <controlfield tag="005">20160216</controlfield>
         <controlfield tag="008">160216n||az|||||||##########||||||||||||</controlfield>
         <datafield tag="040" ind1=" " ind2=" ">
            <subfield code="a">GB-Bm</subfield>
         </datafield>
         <datafield tag="043" ind1=" " ind2=" ">
            <subfield code="c">XA-GB</subfield>
         </datafield>
         <datafield tag="110" ind1="2" ind2=" ">
            <subfield code="a">Mingana Collection of Manuscripts</subfield>
            <subfield code="c">Birmingham</subfield>
            <subfield code="g">GB-Bm</subfield>
         </datafield>
         <datafield tag="622" ind1=" " ind2=" ">
            <subfield code="e">Mingana Collection of Manuscripts, GB-Birmingham, Vereinigtes Königreich</subfield>
         </datafield>
      </record>