
      <record>
         <leader>00000nz  a2200169   4500</leader>
         <controlfield tag="001">30078561</controlfield>
         <controlfield tag="003">RISM</controlfield>
         <controlfield tag="005">20160216</controlfield>
         <controlfield tag="008">160216n||az|||||||##########||||||||||||</controlfield>
         <datafield tag="040" ind1=" " ind2=" ">
            <subfield code="a">GB-BODlh</subfield>
         </datafield>
         <datafield tag="043" ind1=" " ind2=" ">
            <subfield code="c">GB</subfield>
         </datafield>
         <datafield tag="110" ind1="2" ind2=" ">
            <subfield code="a">Lanhydrock House</subfield>
            <subfield code="c">Bodmin</subfield>
            <subfield code="g">GB-BODlh</subfield>
         </datafield>
         <datafield tag="622" ind1=" " ind2=" ">
            <subfield code="e">Lanhydrock House, Bodmin, PL30 5AD, United Kingdom</subfield>
            <subfield code="u">http://www.nationaltrust.org.uk/lanhydrock/</subfield>
         </datafield>
      </record>