
      <record>
         <leader>00000nz  a2200169   4500</leader>
         <controlfield tag="001">30001528</controlfield>
         <controlfield tag="003">RISM</controlfield>
         <controlfield tag="005">20160216</controlfield>
         <controlfield tag="008">160216n||az|||||||##########||||||||||||</controlfield>
         <datafield tag="040" ind1=" " ind2=" ">
            <subfield code="a">GB-BRb</subfield>
         </datafield>
         <datafield tag="043" ind1=" " ind2=" ">
            <subfield code="c">XA-GB</subfield>
         </datafield>
         <datafield tag="110" ind1="2" ind2=" ">
            <subfield code="a">Baptist College Library</subfield>
            <subfield code="c">Bristol</subfield>
            <subfield code="g">GB-BRb</subfield>
         </datafield>
         <datafield tag="410" ind1="2" ind2=" ">
            <subfield code="a">Baptist College</subfield>
         </datafield>
         <datafield tag="622" ind1=" " ind2=" ">
            <subfield code="e">Baptist College Library, Woodland Road, GB-Bristol 8, Vereinigtes Königreich</subfield>
         </datafield>
      </record>