
      <record>
         <leader>00000nz  a2200169   4500</leader>
         <controlfield tag="001">30080466</controlfield>
         <controlfield tag="003">RISM</controlfield>
         <controlfield tag="005">20160216</controlfield>
         <controlfield tag="008">160216n||az|||||||##########||||||||||||</controlfield>
         <datafield tag="040" ind1=" " ind2=" ">
            <subfield code="a">GB-BROcl</subfield>
         </datafield>
         <datafield tag="043" ind1=" " ind2=" ">
            <subfield code="c">XA-GB</subfield>
         </datafield>
         <datafield tag="110" ind1="2" ind2=" ">
            <subfield code="a">Bromley Central Library</subfield>
            <subfield code="c">Bromley</subfield>
            <subfield code="g">GB-BROcl</subfield>
         </datafield>
         <datafield tag="622" ind1=" " ind2=" ">
            <subfield code="e">Bromley Central Library, High Street, Bromley BR1 1EX, United Kingdom</subfield>
            <subfield code="u">https://arena.yourlondonlibrary.net/web/bromley/central-library</subfield>
         </datafield>
      </record>