
      <record>
         <leader>00000nz  a2200169   4500</leader>
         <controlfield tag="001">30061532</controlfield>
         <controlfield tag="003">RISM</controlfield>
         <controlfield tag="005">20160216</controlfield>
         <controlfield tag="008">160216n||az|||||||##########||||||||||||</controlfield>
         <datafield tag="040" ind1=" " ind2=" ">
            <subfield code="a">GB-BSw</subfield>
         </datafield>
         <datafield tag="043" ind1=" " ind2=" ">
            <subfield code="c">XA-GB</subfield>
         </datafield>
         <datafield tag="110" ind1="2" ind2=" ">
            <subfield code="a">Windsor Castle, The Royal Collection Trust, The Royal Archives &lt;Berkshire&gt;</subfield>
            <subfield code="c">Berkshire</subfield>
            <subfield code="g">GB-BSw</subfield>
         </datafield>
      </record>