
      <record>
         <leader>00000nz  a2200169   4500</leader>
         <controlfield tag="001">30001520</controlfield>
         <controlfield tag="003">RISM</controlfield>
         <controlfield tag="005">20160216</controlfield>
         <controlfield tag="008">160216n||az|||||||##########||||||||||||</controlfield>
         <datafield tag="040" ind1=" " ind2=" ">
            <subfield code="a">GB-Bu</subfield>
         </datafield>
         <datafield tag="043" ind1=" " ind2=" ">
            <subfield code="c">XA-GB</subfield>
         </datafield>
         <datafield tag="110" ind1="2" ind2=" ">
            <subfield code="a">Special Collections, Main Library, University of Birmingham</subfield>
            <subfield code="c">Birmingham</subfield>
            <subfield code="g">GB-Bu</subfield>
         </datafield>
         <datafield tag="410" ind1="2" ind2=" ">
            <subfield code="a">Barber Music Library, Barber Institute of Fine Arts, University of Birmingham</subfield>
         </datafield>
         <datafield tag="410" ind1="2" ind2=" ">
            <subfield code="a">University Library</subfield>
         </datafield>
         <datafield tag="622" ind1=" " ind2=" ">
            <subfield code="e">Special Collections, Main Library,,  University of Birmingham, Edgbaston, Birmingham B15 2TT, United Kingdom</subfield>
            <subfield code="u">http://www.library.bham.ac.uk/using/libraries/mainlibrary.shtml</subfield>
         </datafield>
      </record>