
      <record>
         <leader>00000nz  a2200169   4500</leader>
         <controlfield tag="001">30001531</controlfield>
         <controlfield tag="003">RISM</controlfield>
         <controlfield tag="005">20160216</controlfield>
         <controlfield tag="008">160216n||az|||||||##########||||||||||||</controlfield>
         <datafield tag="040" ind1=" " ind2=" ">
            <subfield code="a">GB-BUc</subfield>
         </datafield>
         <datafield tag="043" ind1=" " ind2=" ">
            <subfield code="c">XA-GB</subfield>
         </datafield>
         <datafield tag="110" ind1="2" ind2=" ">
            <subfield code="a">St. Edmunds Cathedral Library</subfield>
            <subfield code="c">Bury St Edmunds</subfield>
            <subfield code="g">GB-BUc</subfield>
         </datafield>
         <datafield tag="622" ind1=" " ind2=" ">
            <subfield code="e">St. Edmunds Cathedral Library, GB-Bury, Vereinigtes Königreich</subfield>
         </datafield>
      </record>