
      <record>
         <leader>00000nz  a2200169   4500</leader>
         <controlfield tag="001">30001552</controlfield>
         <controlfield tag="003">RISM</controlfield>
         <controlfield tag="005">20160216</controlfield>
         <controlfield tag="008">160216n||az|||||||##########||||||||||||</controlfield>
         <datafield tag="040" ind1=" " ind2=" ">
            <subfield code="a">GB-CDu</subfield>
         </datafield>
         <datafield tag="043" ind1=" " ind2=" ">
            <subfield code="c">XA-GB</subfield>
         </datafield>
         <datafield tag="110" ind1="2" ind2=" ">
            <subfield code="a">Cardiff University, Music Library</subfield>
            <subfield code="c">Cardiff</subfield>
            <subfield code="g">GB-CDu</subfield>
         </datafield>
         <datafield tag="410" ind1="2" ind2=" ">
            <subfield code="a">Prifysgol Caerdydd</subfield>
         </datafield>
         <datafield tag="410" ind1="2" ind2=" ">
            <subfield code="a">University of Wales College of Cardiff (formerly University College of South Wales and Monmouthshire)</subfield>
         </datafield>
         <datafield tag="622" ind1=" " ind2=" ">
            <subfield code="e">Cardiff University, Music Library, Aberdare Hall, Corbett Road, Cardiff CF10 3UP, United Kingdom</subfield>
            <subfield code="u">http://www.cardiff.ac.uk/insrv/libraries/music/</subfield>
         </datafield>
      </record>