
      <record>
         <leader>00000nz  a2200169   4500</leader>
         <controlfield tag="001">30001553</controlfield>
         <controlfield tag="003">RISM</controlfield>
         <controlfield tag="005">20160216</controlfield>
         <controlfield tag="008">160216n||az|||||||##########||||||||||||</controlfield>
         <datafield tag="040" ind1=" " ind2=" ">
            <subfield code="a">GB-CF</subfield>
         </datafield>
         <datafield tag="043" ind1=" " ind2=" ">
            <subfield code="c">XA-GB</subfield>
         </datafield>
         <datafield tag="110" ind1="2" ind2=" ">
            <subfield code="a">Essex Record Office</subfield>
            <subfield code="c">Chelmsford</subfield>
            <subfield code="g">GB-CF</subfield>
         </datafield>
         <datafield tag="410" ind1="2" ind2=" ">
            <subfield code="a">Essex County Record Office</subfield>
         </datafield>
         <datafield tag="622" ind1=" " ind2=" ">
            <subfield code="e">Essex Record Office, Wharf Road, Chelmsford CM2 6YT, United Kingdom</subfield>
            <subfield code="u">http://www.essex.gov.uk/Libraries-Archives/Record-Office/Pages/Record-Office.aspx</subfield>
         </datafield>
      </record>