
      <record>
         <leader>00000nz  a2200169   4500</leader>
         <controlfield tag="001">30001554</controlfield>
         <controlfield tag="003">RISM</controlfield>
         <controlfield tag="005">20160216</controlfield>
         <controlfield tag="008">160216n||az|||||||##########||||||||||||</controlfield>
         <datafield tag="040" ind1=" " ind2=" ">
            <subfield code="a">GB-CH</subfield>
         </datafield>
         <datafield tag="043" ind1=" " ind2=" ">
            <subfield code="c">XA-GB</subfield>
         </datafield>
         <datafield tag="110" ind1="2" ind2=" ">
            <subfield code="a">Diocesan Record Office</subfield>
            <subfield code="c">Chichester</subfield>
            <subfield code="g">GB-CH</subfield>
         </datafield>
         <datafield tag="580" ind1=" " ind2=" ">
            <subfield code="x">GB-CHwsro</subfield>
            <subfield code="0">30077279</subfield>
         </datafield>
         <datafield tag="622" ind1=" " ind2=" ">
            <subfield code="u">http://www.diochi.org.uk/index.cfm?fuseaction=about.content&amp;cmid=9</subfield>
         </datafield>
      </record>