
      <record>
         <leader>00000nz  a2200169   4500</leader>
         <controlfield tag="001">30080623</controlfield>
         <controlfield tag="003">RISM</controlfield>
         <controlfield tag="005">20160216</controlfield>
         <controlfield tag="008">160216n||az|||||||##########||||||||||||</controlfield>
         <datafield tag="040" ind1=" " ind2=" ">
            <subfield code="a">GB-CHA</subfield>
         </datafield>
         <datafield tag="043" ind1=" " ind2=" ">
            <subfield code="c">XA-GB</subfield>
         </datafield>
         <datafield tag="110" ind1="2" ind2=" ">
            <subfield code="a">Jane Austen's House Museum</subfield>
            <subfield code="c">Chawton</subfield>
            <subfield code="g">GB-CHA</subfield>
         </datafield>
         <datafield tag="580" ind1=" " ind2=" ">
            <subfield code="x">GB-WCr</subfield>
            <subfield code="0">30001662</subfield>
         </datafield>
         <datafield tag="622" ind1=" " ind2=" ">
            <subfield code="e">Jane Austen's House Museum, Chawton, Alton, Hampshire GU34 1SD, United Kingdom</subfield>
            <subfield code="u">http://www.jane-austens-house-museum.org.uk/</subfield>
         </datafield>
      </record>