
      <record>
         <leader>00000nz  a2200169   4500</leader>
         <controlfield tag="001">30080629</controlfield>
         <controlfield tag="003">RISM</controlfield>
         <controlfield tag="005">20160216</controlfield>
         <controlfield tag="008">160216n||az|||||||##########||||||||||||</controlfield>
         <datafield tag="040" ind1=" " ind2=" ">
            <subfield code="a">GB-CHAchl</subfield>
         </datafield>
         <datafield tag="043" ind1=" " ind2=" ">
            <subfield code="c">XA-GB</subfield>
         </datafield>
         <datafield tag="110" ind1="2" ind2=" ">
            <subfield code="a">Chawton House Library</subfield>
            <subfield code="c">Chawton</subfield>
            <subfield code="g">GB-CHAchl</subfield>
         </datafield>
         <datafield tag="622" ind1=" " ind2=" ">
            <subfield code="e">Chawton House Library, Chawton, Alton, Hampshire GU34 1SJ, United Kingdom</subfield>
            <subfield code="u">http://www.chawtonhouse.org/</subfield>
         </datafield>
      </record>