
      <record>
         <leader>00000nz  a2200169   4500</leader>
         <controlfield tag="001">30006626</controlfield>
         <controlfield tag="003">RISM</controlfield>
         <controlfield tag="005">20160216</controlfield>
         <controlfield tag="008">160216n||az|||||||##########||||||||||||</controlfield>
         <datafield tag="040" ind1=" " ind2=" ">
            <subfield code="a">GB-CHIhc</subfield>
         </datafield>
         <datafield tag="043" ind1=" " ind2=" ">
            <subfield code="c">XA-GB</subfield>
         </datafield>
         <datafield tag="110" ind1="2" ind2=" ">
            <subfield code="a">Wiltshire and Swindon History Centre</subfield>
            <subfield code="c">Chippenham</subfield>
            <subfield code="g">GB-CHIhc</subfield>
         </datafield>
         <datafield tag="410" ind1="2" ind2=" ">
            <subfield code="a">Wiltshire and Swindon Record Office</subfield>
         </datafield>
         <datafield tag="510" ind1="2" ind2=" ">
            <subfield code="a">Wiltshire and Swindon Record Office</subfield>
         </datafield>
         <datafield tag="622" ind1=" " ind2=" ">
            <subfield code="e">Wiltshire and Swindon History Centre, Cocklebury Road, Chippenham SN15 3QN, United Kingdom</subfield>
            <subfield code="u">http://www.wshc.eu/</subfield>
         </datafield>
      </record>