
      <record>
         <leader>00000nz  a2200169   4500</leader>
         <controlfield tag="001">30079275</controlfield>
         <controlfield tag="003">RISM</controlfield>
         <controlfield tag="005">20160216</controlfield>
         <controlfield tag="008">160216n||az|||||||##########||||||||||||</controlfield>
         <datafield tag="040" ind1=" " ind2=" ">
            <subfield code="a">GB-Chogwood</subfield>
         </datafield>
         <datafield tag="043" ind1=" " ind2=" ">
            <subfield code="c">GB</subfield>
         </datafield>
         <datafield tag="110" ind1="2" ind2=" ">
            <subfield code="a">Private collection Christopher Hogwood</subfield>
            <subfield code="c">Cambridge</subfield>
            <subfield code="g">GB-Chogwood</subfield>
         </datafield>
      </record>