
      <record>
         <leader>00000nz  a2200169   4500</leader>
         <controlfield tag="001">30077279</controlfield>
         <controlfield tag="003">RISM</controlfield>
         <controlfield tag="005">20160216</controlfield>
         <controlfield tag="008">160216n||az|||||||##########||||||||||||</controlfield>
         <datafield tag="040" ind1=" " ind2=" ">
            <subfield code="a">GB-CHwsro</subfield>
         </datafield>
         <datafield tag="043" ind1=" " ind2=" ">
            <subfield code="c">GB</subfield>
         </datafield>
         <datafield tag="110" ind1="2" ind2=" ">
            <subfield code="a">West Sussex Record Office</subfield>
            <subfield code="c">Chichester</subfield>
            <subfield code="g">GB-CHwsro</subfield>
         </datafield>
         <datafield tag="622" ind1=" " ind2=" ">
            <subfield code="e">West Sussex Record Office, 3 Orchard Street, Chichester PO19 1DD, United Kingdom</subfield>
            <subfield code="u">http://www.westsussex.gov.uk/leisure/explore_west_sussex/record_office_and_archives.aspx</subfield>
         </datafield>
      </record>