
      <record>
         <leader>00000nz  a2200169   4500</leader>
         <controlfield tag="001">30001539</controlfield>
         <controlfield tag="003">RISM</controlfield>
         <controlfield tag="005">20160216</controlfield>
         <controlfield tag="008">160216n||az|||||||##########||||||||||||</controlfield>
         <datafield tag="040" ind1=" " ind2=" ">
            <subfield code="a">GB-Cjc</subfield>
         </datafield>
         <datafield tag="043" ind1=" " ind2=" ">
            <subfield code="c">XA-GB</subfield>
         </datafield>
         <datafield tag="110" ind1="2" ind2=" ">
            <subfield code="a">St. John's College, The Library</subfield>
            <subfield code="c">Cambridge</subfield>
            <subfield code="g">GB-Cjc</subfield>
         </datafield>
         <datafield tag="622" ind1=" " ind2=" ">
            <subfield code="e">St. John's College, The Library, University of Cambridge, Cambridge CB2 1TP, United Kingdom</subfield>
            <subfield code="u">http://www.joh.cam.ac.uk/library/?q=library</subfield>
         </datafield>
      </record>