
      <record>
         <leader>00000nz  a2200169   4500</leader>
         <controlfield tag="001">30001541</controlfield>
         <controlfield tag="003">RISM</controlfield>
         <controlfield tag="005">20160216</controlfield>
         <controlfield tag="008">160216n||az|||||||##########||||||||||||</controlfield>
         <datafield tag="040" ind1=" " ind2=" ">
            <subfield code="a">GB-Ckc</subfield>
         </datafield>
         <datafield tag="043" ind1=" " ind2=" ">
            <subfield code="c">XA-GB</subfield>
         </datafield>
         <datafield tag="110" ind1="2" ind2=" ">
            <subfield code="a">Rowe Music Library, King's College, University of Cambridge</subfield>
            <subfield code="c">Cambridge</subfield>
            <subfield code="g">GB-Ckc</subfield>
         </datafield>
         <datafield tag="622" ind1=" " ind2=" ">
            <subfield code="e">Rowe Music Library, King's College,,  University of Cambridge, King's Parade, Cambridge CB2 1ST, United Kingdom</subfield>
            <subfield code="u">http://www.kings.cam.ac.uk/library/special-collections.html#rowe</subfield>
         </datafield>
      </record>