
      <record>
         <leader>00000nz  a2200169   4500</leader>
         <controlfield tag="001">30077095</controlfield>
         <controlfield tag="003">RISM</controlfield>
         <controlfield tag="005">20160216</controlfield>
         <controlfield tag="008">160216n||az|||||||##########||||||||||||</controlfield>
         <datafield tag="040" ind1=" " ind2=" ">
            <subfield code="a">GB-CLIscl</subfield>
         </datafield>
         <datafield tag="043" ind1=" " ind2=" ">
            <subfield code="c">XA-GB</subfield>
         </datafield>
         <datafield tag="110" ind1="2" ind2=" ">
            <subfield code="a">Stonyhurst College Libraries and Archives</subfield>
            <subfield code="c">Clitheroe</subfield>
            <subfield code="g">GB-CLIscl</subfield>
         </datafield>
         <datafield tag="622" ind1=" " ind2=" ">
            <subfield code="e">Stonyhurst College Libraries and,  Archives, Clitheroe, Lancashire, BB7 9PZ, United Kingdom</subfield>
            <subfield code="u">http://www.stonyhurst.ac.uk/page/?title=Historical+Collections+%26+Archives&amp;pid=22</subfield>
         </datafield>
      </record>