
      <record>
         <leader>00000nz  a2200169   4500</leader>
         <controlfield tag="001">30001542</controlfield>
         <controlfield tag="003">RISM</controlfield>
         <controlfield tag="005">20160216</controlfield>
         <controlfield tag="008">160216n||az|||||||##########||||||||||||</controlfield>
         <datafield tag="040" ind1=" " ind2=" ">
            <subfield code="a">GB-Cmc</subfield>
         </datafield>
         <datafield tag="043" ind1=" " ind2=" ">
            <subfield code="c">XA-GB</subfield>
         </datafield>
         <datafield tag="110" ind1="2" ind2=" ">
            <subfield code="a">Magdalene College, The Pepys Library</subfield>
            <subfield code="c">Cambridge</subfield>
            <subfield code="g">GB-Cmc</subfield>
         </datafield>
         <datafield tag="622" ind1=" " ind2=" ">
            <subfield code="e">Magdalene College, The Pepys Library, Cambridge CB3 0AG, United Kingdom</subfield>
            <subfield code="u">http://www.magd.cam.ac.uk/pepys/index.html</subfield>
         </datafield>
      </record>