
      <record>
         <leader>00000nz  a2200169   4500</leader>
         <controlfield tag="001">30006621</controlfield>
         <controlfield tag="003">RISM</controlfield>
         <controlfield tag="005">20160216</controlfield>
         <controlfield tag="008">160216n||az|||||||##########||||||||||||</controlfield>
         <datafield tag="040" ind1=" " ind2=" ">
            <subfield code="a">GB-COLro</subfield>
         </datafield>
         <datafield tag="043" ind1=" " ind2=" ">
            <subfield code="c">XA-GB</subfield>
         </datafield>
         <datafield tag="110" ind1="2" ind2=" ">
            <subfield code="a">Essex Record Office</subfield>
            <subfield code="c">Colchester</subfield>
            <subfield code="g">GB-COLro</subfield>
         </datafield>
         <datafield tag="580" ind1=" " ind2=" ">
            <subfield code="x">GB-CF</subfield>
            <subfield code="0">30001553</subfield>
         </datafield>
      </record>