
      <record>
         <leader>00000nz  a2200169   4500</leader>
         <controlfield tag="001">30079542</controlfield>
         <controlfield tag="003">RISM</controlfield>
         <controlfield tag="005">20160216</controlfield>
         <controlfield tag="008">160216n||az|||||||##########||||||||||||</controlfield>
         <datafield tag="040" ind1=" " ind2=" ">
            <subfield code="a">GB-COuwl</subfield>
         </datafield>
         <datafield tag="043" ind1=" " ind2=" ">
            <subfield code="c">GB</subfield>
         </datafield>
         <datafield tag="110" ind1="2" ind2=" ">
            <subfield code="a">University of Warwick Library</subfield>
            <subfield code="c">Coventry</subfield>
            <subfield code="g">GB-COuwl</subfield>
         </datafield>
         <datafield tag="622" ind1=" " ind2=" ">
            <subfield code="e">University of Warwick Library, Gibbet Hill Road, Coventry CV4 7AL, United Kingdom</subfield>
            <subfield code="u">http://www2.warwick.ac.uk/services/library/</subfield>
         </datafield>
      </record>