
      <record>
         <leader>00000nz  a2200169   4500</leader>
         <controlfield tag="001">30001544</controlfield>
         <controlfield tag="003">RISM</controlfield>
         <controlfield tag="005">20160216</controlfield>
         <controlfield tag="008">160216n||az|||||||##########||||||||||||</controlfield>
         <datafield tag="040" ind1=" " ind2=" ">
            <subfield code="a">GB-Cpc</subfield>
         </datafield>
         <datafield tag="043" ind1=" " ind2=" ">
            <subfield code="c">XA-GB</subfield>
         </datafield>
         <datafield tag="110" ind1="2" ind2=" ">
            <subfield code="a">Pembroke College Library</subfield>
            <subfield code="c">Cambridge</subfield>
            <subfield code="g">GB-Cpc</subfield>
         </datafield>
         <datafield tag="622" ind1=" " ind2=" ">
            <subfield code="e">Pembroke College Library, Cambridge CB2 1RF, United Kingdom</subfield>
            <subfield code="u">http://www.pem.cam.ac.uk/about/library/</subfield>
         </datafield>
      </record>