
      <record>
         <leader>00000nz  a2200169   4500</leader>
         <controlfield tag="001">30001545</controlfield>
         <controlfield tag="003">RISM</controlfield>
         <controlfield tag="005">20160216</controlfield>
         <controlfield tag="008">160216n||az|||||||##########||||||||||||</controlfield>
         <datafield tag="040" ind1=" " ind2=" ">
            <subfield code="a">GB-Cpl</subfield>
         </datafield>
         <datafield tag="043" ind1=" " ind2=" ">
            <subfield code="c">XA-GB</subfield>
         </datafield>
         <datafield tag="110" ind1="2" ind2=" ">
            <subfield code="a">Pendlebury Library of Music, Faculty of Music, University of Cambridge</subfield>
            <subfield code="c">Cambridge</subfield>
            <subfield code="g">GB-Cpl</subfield>
         </datafield>
         <datafield tag="622" ind1=" " ind2=" ">
            <subfield code="e">Pendlebury Library of Music, Faculty of, Music, University of Cambridge, 11 West Road, Cambridge CB3 9DP, United Kingdom</subfield>
            <subfield code="u">http://www.mus.cam.ac.uk/</subfield>
         </datafield>
      </record>