
      <record>
         <leader>00000nz  a2200169   4500</leader>
         <controlfield tag="001">30080657</controlfield>
         <controlfield tag="003">RISM</controlfield>
         <controlfield tag="005">20160216</controlfield>
         <controlfield tag="008">160216n||az|||||||##########||||||||||||</controlfield>
         <datafield tag="040" ind1=" " ind2=" ">
            <subfield code="a">GB-Cqcl</subfield>
         </datafield>
         <datafield tag="043" ind1=" " ind2=" ">
            <subfield code="c">XA-GB</subfield>
         </datafield>
         <datafield tag="110" ind1="2" ind2=" ">
            <subfield code="a">Queen's College Library</subfield>
            <subfield code="c">Cambridge</subfield>
            <subfield code="g">GB-Cqcl</subfield>
         </datafield>
         <datafield tag="410" ind1="2" ind2=" ">
            <subfield code="a">University of Cambridge, Queen's College Old Library</subfield>
         </datafield>
         <datafield tag="622" ind1=" " ind2=" ">
            <subfield code="e">Queen's College Library, Queens' Ln, Cambridge CB2 1RL, United Kingdom</subfield>
            <subfield code="u">http://www.queens.cam.ac.uk/teaching-learning/library</subfield>
         </datafield>
      </record>