
      <record>
         <leader>00000nz  a2200169   4500</leader>
         <controlfield tag="001">30078894</controlfield>
         <controlfield tag="003">RISM</controlfield>
         <controlfield tag="005">20160216</controlfield>
         <controlfield tag="008">160216n||az|||||||##########||||||||||||</controlfield>
         <datafield tag="040" ind1=" " ind2=" ">
            <subfield code="a">GB-CRIdc</subfield>
         </datafield>
         <datafield tag="043" ind1=" " ind2=" ">
            <subfield code="c">GB</subfield>
         </datafield>
         <datafield tag="110" ind1="2" ind2=" ">
            <subfield code="a">Drummond Castle</subfield>
            <subfield code="c">Crieff</subfield>
            <subfield code="g">GB-CRIdc</subfield>
         </datafield>
         <datafield tag="622" ind1=" " ind2=" ">
            <subfield code="e">Drummond Castle, Crieff, Perthshire, PH7 4HZ, United Kingdom</subfield>
         </datafield>
      </record>