
      <record>
         <leader>00000nz  a2200169   4500</leader>
         <controlfield tag="001">30004083</controlfield>
         <controlfield tag="003">RISM</controlfield>
         <controlfield tag="005">20160216</controlfield>
         <controlfield tag="008">160216n||az|||||||##########||||||||||||</controlfield>
         <datafield tag="040" ind1=" " ind2=" ">
            <subfield code="a">GB-CRr</subfield>
         </datafield>
         <datafield tag="043" ind1=" " ind2=" ">
            <subfield code="c">XA-GB</subfield>
         </datafield>
         <datafield tag="110" ind1="2" ind2=" ">
            <subfield code="a">Cheshire Archives and Local Studies Service</subfield>
            <subfield code="c">Chester</subfield>
            <subfield code="g">GB-CRr</subfield>
         </datafield>
         <datafield tag="410" ind1="2" ind2=" ">
            <subfield code="a">Cheshire Record Office</subfield>
         </datafield>
         <datafield tag="410" ind1="2" ind2=" ">
            <subfield code="a">Town Archive</subfield>
         </datafield>
         <datafield tag="622" ind1=" " ind2=" ">
            <subfield code="e">Cheshire Archives and Local Studies,  Service, Duke Street, Chester CH1 1RL, United Kingdom</subfield>
            <subfield code="u">http://archives.cheshire.gov.uk/default.aspx</subfield>
         </datafield>
      </record>