
      <record>
         <leader>00000nz  a2200169   4500</leader>
         <controlfield tag="001">30079245</controlfield>
         <controlfield tag="003">RISM</controlfield>
         <controlfield tag="005">20160216</controlfield>
         <controlfield tag="008">160216n||az|||||||##########||||||||||||</controlfield>
         <datafield tag="040" ind1=" " ind2=" ">
            <subfield code="a">GB-Cscl</subfield>
         </datafield>
         <datafield tag="043" ind1=" " ind2=" ">
            <subfield code="c">GB</subfield>
         </datafield>
         <datafield tag="110" ind1="2" ind2=" ">
            <subfield code="a">Selwyn College Library &amp; Archives</subfield>
            <subfield code="c">Cambridge</subfield>
            <subfield code="g">GB-Cscl</subfield>
         </datafield>
         <datafield tag="622" ind1=" " ind2=" ">
            <subfield code="e">Selwyn College Library &amp; Archives, Grange Road, Cambridge CB3 9DQ, United Kingdom</subfield>
            <subfield code="u">http://www.sel.cam.ac.uk/library/</subfield>
         </datafield>
      </record>