
      <record>
         <leader>00000nz  a2200169   4500</leader>
         <controlfield tag="001">30001557</controlfield>
         <controlfield tag="003">RISM</controlfield>
         <controlfield tag="005">20160216</controlfield>
         <controlfield tag="008">160216n||az|||||||##########||||||||||||</controlfield>
         <datafield tag="040" ind1=" " ind2=" ">
            <subfield code="a">GB-CW</subfield>
         </datafield>
         <datafield tag="043" ind1=" " ind2=" ">
            <subfield code="c">XA-GB</subfield>
         </datafield>
         <datafield tag="110" ind1="2" ind2=" ">
            <subfield code="a">The Trustees of the Chatsworth Settlement Devonshire Collections</subfield>
            <subfield code="c">Chatsworth</subfield>
            <subfield code="g">GB-CW</subfield>
         </datafield>
         <datafield tag="622" ind1=" " ind2=" ">
            <subfield code="e">The Trustees of the Chatsworth, Settlement Devonshire Collections, Chatsworth, Vereinigtes Königreich</subfield>
         </datafield>
      </record>