
      <record>
         <leader>00000nz  a2200169   4500</leader>
         <controlfield tag="001">30078875</controlfield>
         <controlfield tag="003">RISM</controlfield>
         <controlfield tag="005">20160216</controlfield>
         <controlfield tag="008">160216n||az|||||||##########||||||||||||</controlfield>
         <datafield tag="040" ind1=" " ind2=" ">
            <subfield code="a">GB-DA</subfield>
         </datafield>
         <datafield tag="043" ind1=" " ind2=" ">
            <subfield code="c">GB</subfield>
         </datafield>
         <datafield tag="110" ind1="2" ind2=" ">
            <subfield code="a">Darnaway Castle Library</subfield>
            <subfield code="c">Darnaway Forest nr Forres</subfield>
            <subfield code="g">GB-DA</subfield>
         </datafield>
         <datafield tag="622" ind1=" " ind2=" ">
            <subfield code="e">Darnaway Castle Library, nr Forres, Moray, IV36 2QG, United Kingdom</subfield>
         </datafield>
      </record>