
      <record>
         <leader>00000nz  a2200169   4500</leader>
         <controlfield tag="001">30079813</controlfield>
         <controlfield tag="003">RISM</controlfield>
         <controlfield tag="005">20160216</controlfield>
         <controlfield tag="008">160216n||az|||||||##########||||||||||||</controlfield>
         <datafield tag="040" ind1=" " ind2=" ">
            <subfield code="a">GB-DORaes</subfield>
         </datafield>
         <datafield tag="043" ind1=" " ind2=" ">
            <subfield code="c">GB</subfield>
         </datafield>
         <datafield tag="110" ind1="2" ind2=" ">
            <subfield code="a">Archives of the Earl of Shaftesbury</subfield>
            <subfield code="c">Dorset</subfield>
            <subfield code="g">GB-DORaes</subfield>
         </datafield>
         <datafield tag="622" ind1=" " ind2=" ">
            <subfield code="e">Archives of the Earl of Shaftesbury, Wimborne St. Giles, The Estate Office, Dorset BH21 5NA, United Kingdom</subfield>
            <subfield code="u">http://www.shaftesburyestates.com/</subfield>
         </datafield>
      </record>