
      <record>
         <leader>00000nz  a2200169   4500</leader>
         <controlfield tag="001">30070459</controlfield>
         <controlfield tag="003">RISM</controlfield>
         <controlfield tag="005">20160216</controlfield>
         <controlfield tag="008">160216n||az|||||||##########||||||||||||</controlfield>
         <datafield tag="040" ind1=" " ind2=" ">
            <subfield code="a">GB-DOTstoneham</subfield>
         </datafield>
         <datafield tag="043" ind1=" " ind2=" ">
            <subfield code="c">XA-GB</subfield>
         </datafield>
         <datafield tag="110" ind1="2" ind2=" ">
            <subfield code="a">Private collection Prof. Marshall Stoneham &lt;Dorchester-on-Thames&gt;</subfield>
            <subfield code="c">Dorchester-on-Thames</subfield>
            <subfield code="g">GB-DOTstoneham</subfield>
         </datafield>
      </record>