
      <record>
         <leader>00000nz  a2200169   4500</leader>
         <controlfield tag="001">30001558</controlfield>
         <controlfield tag="003">RISM</controlfield>
         <controlfield tag="005">20160216</controlfield>
         <controlfield tag="008">160216n||az|||||||##########||||||||||||</controlfield>
         <datafield tag="040" ind1=" " ind2=" ">
            <subfield code="a">GB-DRc</subfield>
         </datafield>
         <datafield tag="043" ind1=" " ind2=" ">
            <subfield code="c">XA-GB</subfield>
         </datafield>
         <datafield tag="110" ind1="2" ind2=" ">
            <subfield code="a">The Cathedral Library</subfield>
            <subfield code="c">Durham</subfield>
            <subfield code="g">GB-DRc</subfield>
         </datafield>
         <datafield tag="410" ind1="2" ind2=" ">
            <subfield code="a">The Dean and Chapter Library</subfield>
         </datafield>
         <datafield tag="410" ind1="2" ind2=" ">
            <subfield code="a">Dean and Chapter Muniments</subfield>
         </datafield>
         <datafield tag="622" ind1=" " ind2=" ">
            <subfield code="e">The Cathedral Library, Durham DH1 3EH, United Kingdom</subfield>
            <subfield code="u">http://www.durhamcathedral.co.uk/learning/the-cathedral-library</subfield>
         </datafield>
      </record>