
      <record>
         <leader>00000nz  a2200169   4500</leader>
         <controlfield tag="001">30078877</controlfield>
         <controlfield tag="003">RISM</controlfield>
         <controlfield tag="005">20160216</controlfield>
         <controlfield tag="008">160216n||az|||||||##########||||||||||||</controlfield>
         <datafield tag="040" ind1=" " ind2=" ">
            <subfield code="a">GB-DUcl</subfield>
         </datafield>
         <datafield tag="043" ind1=" " ind2=" ">
            <subfield code="c">GB</subfield>
         </datafield>
         <datafield tag="110" ind1="2" ind2=" ">
            <subfield code="a">Central Library</subfield>
            <subfield code="c">Dundee</subfield>
            <subfield code="g">GB-DUcl</subfield>
         </datafield>
         <datafield tag="622" ind1=" " ind2=" ">
            <subfield code="e">Central Library, The Wellgate, Dundee DD1 1DB, United Kingdom</subfield>
            <subfield code="u">http://www.leisureandculturedundee.com/library/central</subfield>
         </datafield>
      </record>