
      <record>
         <leader>00000nz  a2200169   4500</leader>
         <controlfield tag="001">30078883</controlfield>
         <controlfield tag="003">RISM</controlfield>
         <controlfield tag="005">20160216</controlfield>
         <controlfield tag="008">160216n||az|||||||##########||||||||||||</controlfield>
         <datafield tag="040" ind1=" " ind2=" ">
            <subfield code="a">GB-Ea</subfield>
         </datafield>
         <datafield tag="043" ind1=" " ind2=" ">
            <subfield code="c">GB</subfield>
         </datafield>
         <datafield tag="110" ind1="2" ind2=" ">
            <subfield code="a">City Archives</subfield>
            <subfield code="c">Edinburgh</subfield>
            <subfield code="g">GB-Ea</subfield>
         </datafield>
         <datafield tag="622" ind1=" " ind2=" ">
            <subfield code="e">City Archives, Level 1, City Chambers, 253 High Street, Edinburgh EH1 1YJ, United Kingdom</subfield>
            <subfield code="u">http://www.edinburgh.gov.uk/cityarchives</subfield>
         </datafield>
      </record>