
      <record>
         <leader>00000nz  a2200169   4500</leader>
         <controlfield tag="001">30006622</controlfield>
         <controlfield tag="003">RISM</controlfield>
         <controlfield tag="005">20160216</controlfield>
         <controlfield tag="008">160216n||az|||||||##########||||||||||||</controlfield>
         <datafield tag="040" ind1=" " ind2=" ">
            <subfield code="a">GB-Eca</subfield>
         </datafield>
         <datafield tag="043" ind1=" " ind2=" ">
            <subfield code="c">XA-GB</subfield>
         </datafield>
         <datafield tag="110" ind1="2" ind2=" ">
            <subfield code="a">Scottish Catholic Archives</subfield>
            <subfield code="c">Edinburgh</subfield>
            <subfield code="g">GB-Eca</subfield>
         </datafield>
         <datafield tag="622" ind1=" " ind2=" ">
            <subfield code="e">Scottish Catholic Archives, Columba House, 16 Drummond Place, Edinburgh EH3 6PL, Scotland, United Kingdom</subfield>
            <subfield code="u">http://www.scottishcatholicarchives.org.uk/</subfield>
         </datafield>
      </record>