
      <record>
         <leader>00000nz  a2200169   4500</leader>
         <controlfield tag="001">30078882</controlfield>
         <controlfield tag="003">RISM</controlfield>
         <controlfield tag="005">20160216</controlfield>
         <controlfield tag="008">160216n||az|||||||##########||||||||||||</controlfield>
         <datafield tag="040" ind1=" " ind2=" ">
            <subfield code="a">GB-Eh</subfield>
         </datafield>
         <datafield tag="043" ind1=" " ind2=" ">
            <subfield code="c">GB</subfield>
         </datafield>
         <datafield tag="110" ind1="2" ind2=" ">
            <subfield code="a">Palace of Holyroodhouse</subfield>
            <subfield code="c">Edinburgh</subfield>
            <subfield code="g">GB-Eh</subfield>
         </datafield>
         <datafield tag="622" ind1=" " ind2=" ">
            <subfield code="e">Palace of Holyroodhouse, Canongate, The Royal Mile, Edinburgh EH8 8DX, United Kingdom</subfield>
            <subfield code="u">http://www.royalcollection.org.uk/visit/palaceofholyroodhouse</subfield>
         </datafield>
      </record>