
      <record>
         <leader>00000nz  a2200169   4500</leader>
         <controlfield tag="001">30078884</controlfield>
         <controlfield tag="003">RISM</controlfield>
         <controlfield tag="005">20160216</controlfield>
         <controlfield tag="008">160216n||az|||||||##########||||||||||||</controlfield>
         <datafield tag="040" ind1=" " ind2=" ">
            <subfield code="a">GB-ELG</subfield>
         </datafield>
         <datafield tag="043" ind1=" " ind2=" ">
            <subfield code="c">GB</subfield>
         </datafield>
         <datafield tag="110" ind1="2" ind2=" ">
            <subfield code="a">Local Heritage Centre</subfield>
            <subfield code="c">Elgin</subfield>
            <subfield code="g">GB-ELG</subfield>
         </datafield>
         <datafield tag="622" ind1=" " ind2=" ">
            <subfield code="e">Local Heritage Centre, East End School, Institution Road, Elgin, Moray, IV30 1RP, United Kingdom</subfield>
            <subfield code="u">http://www.moray.gov.uk/moray_standard/page_1537.html</subfield>
         </datafield>
      </record>