
      <record>
         <leader>00000nz  a2200169   4500</leader>
         <controlfield tag="001">30001562</controlfield>
         <controlfield tag="003">RISM</controlfield>
         <controlfield tag="005">20160216</controlfield>
         <controlfield tag="008">160216n||az|||||||##########||||||||||||</controlfield>
         <datafield tag="040" ind1=" " ind2=" ">
            <subfield code="a">GB-En</subfield>
         </datafield>
         <datafield tag="043" ind1=" " ind2=" ">
            <subfield code="c">XA-GB</subfield>
         </datafield>
         <datafield tag="110" ind1="2" ind2=" ">
            <subfield code="a">National Library of Scotland</subfield>
            <subfield code="c">Edinburgh</subfield>
            <subfield code="g">GB-En</subfield>
         </datafield>
         <datafield tag="622" ind1=" " ind2=" ">
            <subfield code="e">National Library of Scotland, George IV Bridge, Edinburgh EH1 1EW, Scotland, United Kingdom</subfield>
            <subfield code="u">http://www.nls.uk/</subfield>
         </datafield>
      </record>