
      <record>
         <leader>00000nz  a2200169   4500</leader>
         <controlfield tag="001">30061514</controlfield>
         <controlfield tag="003">RISM</controlfield>
         <controlfield tag="005">20160216</controlfield>
         <controlfield tag="008">160216n||az|||||||##########||||||||||||</controlfield>
         <datafield tag="040" ind1=" " ind2=" ">
            <subfield code="a">GB-Enas</subfield>
         </datafield>
         <datafield tag="043" ind1=" " ind2=" ">
            <subfield code="c">XA-GB</subfield>
         </datafield>
         <datafield tag="110" ind1="2" ind2=" ">
            <subfield code="a">The National Archives of Scotland</subfield>
            <subfield code="c">Edinburgh</subfield>
            <subfield code="g">GB-Enas</subfield>
         </datafield>
         <datafield tag="622" ind1=" " ind2=" ">
            <subfield code="e">The National Archives of Scotland, H M General Register House, 2 Princes Street, Edinburgh EH1 3YY, United Kingdom</subfield>
            <subfield code="u">http://www.nas.gov.uk/default.asp</subfield>
         </datafield>
      </record>