
      <record>
         <leader>00000nz  a2200169   4500</leader>
         <controlfield tag="001">30078879</controlfield>
         <controlfield tag="003">RISM</controlfield>
         <controlfield tag="005">20160216</controlfield>
         <controlfield tag="008">160216n||az|||||||##########||||||||||||</controlfield>
         <datafield tag="040" ind1=" " ind2=" ">
            <subfield code="a">GB-Enms</subfield>
         </datafield>
         <datafield tag="043" ind1=" " ind2=" ">
            <subfield code="c">GB</subfield>
         </datafield>
         <datafield tag="110" ind1="2" ind2=" ">
            <subfield code="a">National Museum of Scotland, Research Library</subfield>
            <subfield code="c">Edinburgh</subfield>
            <subfield code="g">GB-Enms</subfield>
         </datafield>
         <datafield tag="622" ind1=" " ind2=" ">
            <subfield code="e">National Museum of Scotland, Research,  Library, Chambers Street, Edinburgh EH1 1JF, United Kingdom</subfield>
            <subfield code="u">http://www.nms.ac.uk/our_museums/national_museum.aspx</subfield>
         </datafield>
      </record>