
      <record>
         <leader>00000nz  a2200169   4500</leader>
         <controlfield tag="001">30078880</controlfield>
         <controlfield tag="003">RISM</controlfield>
         <controlfield tag="005">20160216</controlfield>
         <controlfield tag="008">160216n||az|||||||##########||||||||||||</controlfield>
         <datafield tag="040" ind1=" " ind2=" ">
            <subfield code="a">GB-Enr</subfield>
         </datafield>
         <datafield tag="043" ind1=" " ind2=" ">
            <subfield code="c">GB</subfield>
         </datafield>
         <datafield tag="110" ind1="2" ind2=" ">
            <subfield code="a">National Records of Scotland</subfield>
            <subfield code="c">Edinburgh</subfield>
            <subfield code="g">GB-Enr</subfield>
         </datafield>
         <datafield tag="622" ind1=" " ind2=" ">
            <subfield code="e">National Records of Scotland, General Register House, 2 Princes Street, Edinburgh EH1 3YY, United Kingdom</subfield>
            <subfield code="u">http://www.nrscotland.gov.uk/</subfield>
         </datafield>
      </record>