
      <record>
         <leader>00000nz  a2200169   4500</leader>
         <controlfield tag="001">30001565</controlfield>
         <controlfield tag="003">RISM</controlfield>
         <controlfield tag="005">20160216</controlfield>
         <controlfield tag="008">160216n||az|||||||##########||||||||||||</controlfield>
         <datafield tag="040" ind1=" " ind2=" ">
            <subfield code="a">GB-Er</subfield>
         </datafield>
         <datafield tag="043" ind1=" " ind2=" ">
            <subfield code="c">XA-GB</subfield>
         </datafield>
         <datafield tag="110" ind1="2" ind2=" ">
            <subfield code="a">Reid Music Library of the University of Edinburgh</subfield>
            <subfield code="c">Edinburgh</subfield>
            <subfield code="g">GB-Er</subfield>
         </datafield>
         <datafield tag="410" ind1="2" ind2=" ">
            <subfield code="a">Reid Library</subfield>
         </datafield>
         <datafield tag="622" ind1=" " ind2=" ">
            <subfield code="e">Reid Music Library of the University of, Edinburgh, Alison House, 12 Nicolson Square, GB -  EH 8 9 DF Edinburgh</subfield>
         </datafield>
      </record>