
      <record>
         <leader>00000nz  a2200169   4500</leader>
         <controlfield tag="001">30001566</controlfield>
         <controlfield tag="003">RISM</controlfield>
         <controlfield tag="005">20160216</controlfield>
         <controlfield tag="008">160216n||az|||||||##########||||||||||||</controlfield>
         <datafield tag="040" ind1=" " ind2=" ">
            <subfield code="a">GB-Es</subfield>
         </datafield>
         <datafield tag="043" ind1=" " ind2=" ">
            <subfield code="c">XA-GB</subfield>
         </datafield>
         <datafield tag="110" ind1="2" ind2=" ">
            <subfield code="a">Signet Library</subfield>
            <subfield code="c">Edinburgh</subfield>
            <subfield code="g">GB-Es</subfield>
         </datafield>
         <datafield tag="622" ind1=" " ind2=" ">
            <subfield code="e">Signet Library, Parliament Square, GB-Edinburgh 1, Vereinigtes Königreich</subfield>
         </datafield>
      </record>