
      <record>
         <leader>00000nz  a2200169   4500</leader>
         <controlfield tag="001">30000231</controlfield>
         <controlfield tag="003">RISM</controlfield>
         <controlfield tag="005">20160216</controlfield>
         <controlfield tag="008">160216n||az|||||||##########||||||||||||</controlfield>
         <datafield tag="040" ind1=" " ind2=" ">
            <subfield code="a">GB-Ge</subfield>
         </datafield>
         <datafield tag="043" ind1=" " ind2=" ">
            <subfield code="c">XA-GB</subfield>
         </datafield>
         <datafield tag="110" ind1="2" ind2=" ">
            <subfield code="a">University Library, Euing Music Collection</subfield>
            <subfield code="c">Glasgow</subfield>
            <subfield code="g">GB-Ge</subfield>
         </datafield>
         <datafield tag="410" ind1="2" ind2=" ">
            <subfield code="a">Euing Music Library</subfield>
         </datafield>
         <datafield tag="622" ind1=" " ind2=" ">
            <subfield code="e">University Library, Euing Music, Collection, Hillhead Street, Glasgow, G12 8QE, Scotland, United Kingdom</subfield>
            <subfield code="u">http://www.gla.ac.uk/services/specialcollections/collectionsa-z/euingcollection/</subfield>
         </datafield>
      </record>