
      <record>
         <leader>00000nz  a2200169   4500</leader>
         <controlfield tag="001">30078885</controlfield>
         <controlfield tag="003">RISM</controlfield>
         <controlfield tag="005">20160216</controlfield>
         <controlfield tag="008">160216n||az|||||||##########||||||||||||</controlfield>
         <datafield tag="040" ind1=" " ind2=" ">
            <subfield code="a">GB-GLA</subfield>
         </datafield>
         <datafield tag="043" ind1=" " ind2=" ">
            <subfield code="c">GB</subfield>
         </datafield>
         <datafield tag="110" ind1="2" ind2=" ">
            <subfield code="a">Glamis Castle</subfield>
            <subfield code="c">Glamis</subfield>
            <subfield code="g">GB-GLA</subfield>
         </datafield>
         <datafield tag="622" ind1=" " ind2=" ">
            <subfield code="e">Glamis Castle, Glamis, Angus, DD8 1RJ, United Kingdom</subfield>
            <subfield code="u">http://www.glamis-castle.co.uk/</subfield>
         </datafield>
      </record>