
      <record>
         <leader>00000nz  a2200169   4500</leader>
         <controlfield tag="001">30079925</controlfield>
         <controlfield tag="003">RISM</controlfield>
         <controlfield tag="005">20160216</controlfield>
         <controlfield tag="008">160216n||az|||||||##########||||||||||||</controlfield>
         <datafield tag="040" ind1=" " ind2=" ">
            <subfield code="a">GB-Grc</subfield>
         </datafield>
         <datafield tag="043" ind1=" " ind2=" ">
            <subfield code="c">GB</subfield>
         </datafield>
         <datafield tag="110" ind1="2" ind2=" ">
            <subfield code="a">Royal Conservatoire of Scotland</subfield>
            <subfield code="c">Glasgow</subfield>
            <subfield code="g">GB-Grc</subfield>
         </datafield>
         <datafield tag="622" ind1=" " ind2=" ">
            <subfield code="e">Royal Conservatoire of Scotland, 100 Renfrew St, Glasgow G2 3DB, United Kingdom</subfield>
            <subfield code="u">http://www.rcs.ac.uk/</subfield>
         </datafield>
      </record>