
      <record>
         <leader>00000nz  a2200169   4500</leader>
         <controlfield tag="001">30003391</controlfield>
         <controlfield tag="003">RISM</controlfield>
         <controlfield tag="005">20160216</controlfield>
         <controlfield tag="008">160216n||az|||||||##########||||||||||||</controlfield>
         <datafield tag="040" ind1=" " ind2=" ">
            <subfield code="a">GB-Gsma</subfield>
         </datafield>
         <datafield tag="043" ind1=" " ind2=" ">
            <subfield code="c">XA-GB</subfield>
         </datafield>
         <datafield tag="110" ind1="2" ind2=" ">
            <subfield code="a">Scottish Music Archive</subfield>
            <subfield code="c">Glasgow</subfield>
            <subfield code="g">GB-Gsma</subfield>
         </datafield>
         <datafield tag="410" ind1="2" ind2=" ">
            <subfield code="a">Scottish Music Information Centre</subfield>
         </datafield>
         <datafield tag="622" ind1=" " ind2=" ">
            <subfield code="e">Scottish Music Archive, GB-Glasgow, Vereinigtes Königreich</subfield>
         </datafield>
      </record>