
      <record>
         <leader>00000nz  a2200169   4500</leader>
         <controlfield tag="001">30078895</controlfield>
         <controlfield tag="003">RISM</controlfield>
         <controlfield tag="005">20160216</controlfield>
         <controlfield tag="008">160216n||az|||||||##########||||||||||||</controlfield>
         <datafield tag="040" ind1=" " ind2=" ">
            <subfield code="a">GB-HAW</subfield>
         </datafield>
         <datafield tag="043" ind1=" " ind2=" ">
            <subfield code="c">GB</subfield>
         </datafield>
         <datafield tag="110" ind1="2" ind2=" ">
            <subfield code="a">Scottish Borders Archive and Local History Centre</subfield>
            <subfield code="c">Hawick</subfield>
            <subfield code="g">GB-HAW</subfield>
         </datafield>
         <datafield tag="622" ind1=" " ind2=" ">
            <subfield code="e">Scottish Borders Archive and Local,  History Centre, Heart of Hawick, Kirkstile, Hawick TD9 0AE, United Kingdom</subfield>
            <subfield code="u">http://www.scotborders.gov.uk/info/476/local_history_heritage_and_museums/32/heritage_hub</subfield>
         </datafield>
      </record>