
      <record>
         <leader>00000nz  a2200169   4500</leader>
         <controlfield tag="001">30004084</controlfield>
         <controlfield tag="003">RISM</controlfield>
         <controlfield tag="005">20160216</controlfield>
         <controlfield tag="008">160216n||az|||||||##########||||||||||||</controlfield>
         <datafield tag="040" ind1=" " ind2=" ">
            <subfield code="a">GB-HFr</subfield>
         </datafield>
         <datafield tag="043" ind1=" " ind2=" ">
            <subfield code="c">XA-GB</subfield>
         </datafield>
         <datafield tag="110" ind1="2" ind2=" ">
            <subfield code="a">Hertfordshire Archives and Local Studies</subfield>
            <subfield code="c">Hertford</subfield>
            <subfield code="g">GB-HFr</subfield>
         </datafield>
         <datafield tag="410" ind1="2" ind2=" ">
            <subfield code="a">Hertfordshire Record Office</subfield>
         </datafield>
         <datafield tag="622" ind1=" " ind2=" ">
            <subfield code="e">Hertfordshire Archives and Local Studies, County Hall, Pegs Lane, Hertford SG13 8EJ, United Kingdom</subfield>
            <subfield code="u">http://www.hertsdirect.org/services/leisculture/heritage1/hals/</subfield>
         </datafield>
      </record>