
      <record>
         <leader>00000nz  a2200169   4500</leader>
         <controlfield tag="001">30077287</controlfield>
         <controlfield tag="003">RISM</controlfield>
         <controlfield tag="005">20160216</controlfield>
         <controlfield tag="008">160216n||az|||||||##########||||||||||||</controlfield>
         <datafield tag="040" ind1=" " ind2=" ">
            <subfield code="a">GB-HUhc</subfield>
         </datafield>
         <datafield tag="043" ind1=" " ind2=" ">
            <subfield code="c">GB</subfield>
         </datafield>
         <datafield tag="110" ind1="2" ind2=" ">
            <subfield code="a">Hull History Centre</subfield>
            <subfield code="c">Hull</subfield>
            <subfield code="g">GB-HUhc</subfield>
         </datafield>
         <datafield tag="622" ind1=" " ind2=" ">
            <subfield code="e">Hull History Centre, Worship Street, Hull HU2 8BG, United Kingdom</subfield>
            <subfield code="u">http://www.hullhistorycentre.org.uk/</subfield>
         </datafield>
      </record>