
      <record>
         <leader>00000nz  a2200169   4500</leader>
         <controlfield tag="001">30006481</controlfield>
         <controlfield tag="003">RISM</controlfield>
         <controlfield tag="005">20160216</controlfield>
         <controlfield tag="008">160216n||az|||||||##########||||||||||||</controlfield>
         <datafield tag="040" ind1=" " ind2=" ">
            <subfield code="a">GB-HUj</subfield>
         </datafield>
         <datafield tag="043" ind1=" " ind2=" ">
            <subfield code="c">XA-GB</subfield>
         </datafield>
         <datafield tag="110" ind1="2" ind2=" ">
            <subfield code="a">Brynmor Jones Library, The University of Hull</subfield>
            <subfield code="c">Hull</subfield>
            <subfield code="g">GB-HUj</subfield>
         </datafield>
         <datafield tag="622" ind1=" " ind2=" ">
            <subfield code="e">Brynmor Jones Library, The University of,  Hull, Cottingham Road, Hull HU6 7RX, United Kingdom</subfield>
            <subfield code="u">http://www2.hull.ac.uk/lli/libraries.aspx</subfield>
         </datafield>
      </record>