
      <record>
         <leader>00000nz  a2200169   4500</leader>
         <controlfield tag="001">30078886</controlfield>
         <controlfield tag="003">RISM</controlfield>
         <controlfield tag="005">20160216</controlfield>
         <controlfield tag="008">160216n||az|||||||##########||||||||||||</controlfield>
         <datafield tag="040" ind1=" " ind2=" ">
            <subfield code="a">GB-IL</subfield>
         </datafield>
         <datafield tag="043" ind1=" " ind2=" ">
            <subfield code="c">GB</subfield>
         </datafield>
         <datafield tag="110" ind1="2" ind2=" ">
            <subfield code="a">Traquair House</subfield>
            <subfield code="c">Innerleithen</subfield>
            <subfield code="g">GB-IL</subfield>
         </datafield>
         <datafield tag="622" ind1=" " ind2=" ">
            <subfield code="e">Traquair House, Innerleithen, Scottish Borders, EH44 6PW, United Kingdom</subfield>
            <subfield code="u">http://www.traquair.co.uk/</subfield>
         </datafield>
      </record>