
      <record>
         <leader>00000nz  a2200169   4500</leader>
         <controlfield tag="001">30004085</controlfield>
         <controlfield tag="003">RISM</controlfield>
         <controlfield tag="005">20160216</controlfield>
         <controlfield tag="008">160216n||az|||||||##########||||||||||||</controlfield>
         <datafield tag="040" ind1=" " ind2=" ">
            <subfield code="a">GB-Ir</subfield>
         </datafield>
         <datafield tag="043" ind1=" " ind2=" ">
            <subfield code="c">XA-GB</subfield>
         </datafield>
         <datafield tag="110" ind1="2" ind2=" ">
            <subfield code="a">Suffolk Record Office</subfield>
            <subfield code="c">Ipswich</subfield>
            <subfield code="g">GB-Ir</subfield>
         </datafield>
         <datafield tag="622" ind1=" " ind2=" ">
            <subfield code="e">Suffolk Record Office, Gatacre Road, Ipswich IP1 2LQ, United Kingdom</subfield>
            <subfield code="u">http://www.suffolk.gov.uk/sro</subfield>
         </datafield>
      </record>