
      <record>
         <leader>00000nz  a2200169   4500</leader>
         <controlfield tag="001">30080631</controlfield>
         <controlfield tag="003">RISM</controlfield>
         <controlfield tag="005">20160216</controlfield>
         <controlfield tag="008">160216n||az|||||||##########||||||||||||</controlfield>
         <datafield tag="040" ind1=" " ind2=" ">
            <subfield code="a">GB-KEN</subfield>
         </datafield>
         <datafield tag="043" ind1=" " ind2=" ">
            <subfield code="c">XA-GB</subfield>
         </datafield>
         <datafield tag="110" ind1="2" ind2=" ">
            <subfield code="a">The George Lloyd Music Library</subfield>
            <subfield code="c">Kendal</subfield>
            <subfield code="g">GB-KEN</subfield>
         </datafield>
         <datafield tag="622" ind1=" " ind2=" ">
            <subfield code="e">The George Lloyd Music Library, PO Box 137, Kendal, Cumbria LA8 0XD, United Kingdom</subfield>
            <subfield code="u">http://www.georgelloyd.com/index.php/gl-musiclib-home</subfield>
         </datafield>
      </record>