
      <record>
         <leader>00000nz  a2200169   4500</leader>
         <controlfield tag="001">30061515</controlfield>
         <controlfield tag="003">RISM</controlfield>
         <controlfield tag="005">20160216</controlfield>
         <controlfield tag="008">160216n||az|||||||##########||||||||||||</controlfield>
         <datafield tag="040" ind1=" " ind2=" ">
            <subfield code="a">GB-KET</subfield>
         </datafield>
         <datafield tag="043" ind1=" " ind2=" ">
            <subfield code="c">XA-GB</subfield>
         </datafield>
         <datafield tag="110" ind1="2" ind2=" ">
            <subfield code="a">Boughton House, Dukes of Buccleuch and Queensberry collection</subfield>
            <subfield code="c">Kettering</subfield>
            <subfield code="g">GB-KET</subfield>
         </datafield>
         <datafield tag="622" ind1=" " ind2=" ">
            <subfield code="e">Boughton House, Dukes of Buccleuch and, Queensberry collection, GB -  NN14 1BJ Kettering, (Northamptonshire)</subfield>
            <subfield code="u">http://www.boughtonhouse.org.uk</subfield>
         </datafield>
      </record>