
      <record>
         <leader>00000nz  a2200169   4500</leader>
         <controlfield tag="001">30006625</controlfield>
         <controlfield tag="003">RISM</controlfield>
         <controlfield tag="005">20160216</controlfield>
         <controlfield tag="008">160216n||az|||||||##########||||||||||||</controlfield>
         <datafield tag="040" ind1=" " ind2=" ">
            <subfield code="a">GB-KWo</subfield>
         </datafield>
         <datafield tag="043" ind1=" " ind2=" ">
            <subfield code="c">XA-GB</subfield>
         </datafield>
         <datafield tag="110" ind1="2" ind2=" ">
            <subfield code="a">Orkney Library and Archive</subfield>
            <subfield code="c">Kirkwall</subfield>
            <subfield code="g">GB-KWo</subfield>
         </datafield>
         <datafield tag="622" ind1=" " ind2=" ">
            <subfield code="e">Orkney Library and Archive, 44 Junction Road, Kirkwall KW15 1AG, United Kingdom</subfield>
            <subfield code="u">http://www.orkneylibrary.org.uk/</subfield>
         </datafield>
      </record>