
      <record>
         <leader>00000nz  a2200169   4500</leader>
         <controlfield tag="001">30000263</controlfield>
         <controlfield tag="003">RISM</controlfield>
         <controlfield tag="005">20160216</controlfield>
         <controlfield tag="008">160216n||az|||||||##########||||||||||||</controlfield>
         <datafield tag="040" ind1=" " ind2=" ">
            <subfield code="a">GB-Lam</subfield>
         </datafield>
         <datafield tag="043" ind1=" " ind2=" ">
            <subfield code="c">XA-GB</subfield>
         </datafield>
         <datafield tag="110" ind1="2" ind2=" ">
            <subfield code="a">Royal Academy of Music, Library</subfield>
            <subfield code="c">London</subfield>
            <subfield code="g">GB-Lam</subfield>
         </datafield>
         <datafield tag="622" ind1=" " ind2=" ">
            <subfield code="e">Royal Academy of Music, Library, York Gate, Marylebone Road, GB -  London NW1 5HT</subfield>
            <subfield code="u">http://www.ram.ac.uk</subfield>
         </datafield>
      </record>