
      <record>
         <leader>00000nz  a2200169   4500</leader>
         <controlfield tag="001">30001579</controlfield>
         <controlfield tag="003">RISM</controlfield>
         <controlfield tag="005">20160216</controlfield>
         <controlfield tag="008">160216n||az|||||||##########||||||||||||</controlfield>
         <datafield tag="040" ind1=" " ind2=" ">
            <subfield code="a">GB-Lbbc</subfield>
         </datafield>
         <datafield tag="043" ind1=" " ind2=" ">
            <subfield code="c">XA-GB</subfield>
         </datafield>
         <datafield tag="110" ind1="2" ind2=" ">
            <subfield code="a">British Broadcasting Corporation, Music Library</subfield>
            <subfield code="c">London</subfield>
            <subfield code="g">GB-Lbbc</subfield>
         </datafield>
         <datafield tag="410" ind1="2" ind2=" ">
            <subfield code="a">British Broadcasting Corporation</subfield>
         </datafield>
         <datafield tag="622" ind1=" " ind2=" ">
            <subfield code="e">British Broadcasting Corporation, Music, Library, Yalding House, 156 Great Portland, Street, GB-London W1N 6AJ, Vereinigtes Königreich</subfield>
         </datafield>
      </record>