
      <record>
         <leader>00000nz  a2200169   4500</leader>
         <controlfield tag="001">30001580</controlfield>
         <controlfield tag="003">RISM</controlfield>
         <controlfield tag="005">20160216</controlfield>
         <controlfield tag="008">160216n||az|||||||##########||||||||||||</controlfield>
         <datafield tag="040" ind1=" " ind2=" ">
            <subfield code="a">GB-Lbc</subfield>
         </datafield>
         <datafield tag="043" ind1=" " ind2=" ">
            <subfield code="c">XA-GB</subfield>
         </datafield>
         <datafield tag="110" ind1="2" ind2=" ">
            <subfield code="a">British Council Music Library</subfield>
            <subfield code="c">London</subfield>
            <subfield code="g">GB-Lbc</subfield>
         </datafield>
         <datafield tag="410" ind1="2" ind2=" ">
            <subfield code="a">British Council</subfield>
         </datafield>
         <datafield tag="622" ind1=" " ind2=" ">
            <subfield code="e">British Council Music Library, Regent Arcade House (2d floor), 19-25, Argyll Street, GB-London W1, Vereinigtes Königreich</subfield>
         </datafield>
      </record>