
      <record>
         <leader>00000nz  a2200169   4500</leader>
         <controlfield tag="001">30077194</controlfield>
         <controlfield tag="003">RISM</controlfield>
         <controlfield tag="005">20160216</controlfield>
         <controlfield tag="008">160216n||az|||||||##########||||||||||||</controlfield>
         <datafield tag="040" ind1=" " ind2=" ">
            <subfield code="a">GB-Lcia</subfield>
         </datafield>
         <datafield tag="110" ind1="2" ind2=" ">
            <subfield code="a">The Courtauld Institute of Art</subfield>
            <subfield code="c">London</subfield>
            <subfield code="g">GB-Lcia</subfield>
         </datafield>
         <datafield tag="622" ind1=" " ind2=" ">
            <subfield code="e">The Courtauld Institute of Art, Strand, Somerset House, London WC2R 0RN, United Kingdom</subfield>
            <subfield code="u">http://www.courtauld.ac.uk/index.html</subfield>
         </datafield>
      </record>