
      <record>
         <leader>00000nz  a2200169   4500</leader>
         <controlfield tag="001">30080624</controlfield>
         <controlfield tag="003">RISM</controlfield>
         <controlfield tag="005">20160216</controlfield>
         <controlfield tag="008">160216n||az|||||||##########||||||||||||</controlfield>
         <datafield tag="040" ind1=" " ind2=" ">
            <subfield code="a">GB-Lcrm</subfield>
         </datafield>
         <datafield tag="043" ind1=" " ind2=" ">
            <subfield code="c">XA-GB</subfield>
         </datafield>
         <datafield tag="110" ind1="2" ind2=" ">
            <subfield code="a">Centre for Russian Music (CRM)</subfield>
            <subfield code="c">London</subfield>
            <subfield code="g">GB-Lcrm</subfield>
         </datafield>
         <datafield tag="622" ind1=" " ind2=" ">
            <subfield code="e">Centre for Russian Music (CRM), Department of Music - Goldsmiths,  College, University of London, New Cross, London SE14 6NW, United Kingdom</subfield>
            <subfield code="u">http://www.gold.ac.uk/crm/</subfield>
         </datafield>
      </record>