
      <record>
         <leader>00000nz  a2200169   4500</leader>
         <controlfield tag="001">30001585</controlfield>
         <controlfield tag="003">RISM</controlfield>
         <controlfield tag="005">20160216</controlfield>
         <controlfield tag="008">160216n||az|||||||##########||||||||||||</controlfield>
         <datafield tag="040" ind1=" " ind2=" ">
            <subfield code="a">GB-Lcs</subfield>
         </datafield>
         <datafield tag="043" ind1=" " ind2=" ">
            <subfield code="c">XA-GB</subfield>
         </datafield>
         <datafield tag="110" ind1="2" ind2=" ">
            <subfield code="a">Vaughan Williams Memorial Library</subfield>
            <subfield code="c">London</subfield>
            <subfield code="g">GB-Lcs</subfield>
         </datafield>
         <datafield tag="410" ind1="2" ind2=" ">
            <subfield code="a">Vaughan Williams Memorial Library, English Folk Dance and Song Society</subfield>
         </datafield>
         <datafield tag="410" ind1="2" ind2=" ">
            <subfield code="a">Cecil Sharp Library</subfield>
         </datafield>
         <datafield tag="622" ind1=" " ind2=" ">
            <subfield code="e">Vaughan Williams Memorial Library, Cecil Sharp House, 2 Regent's Park, Road, GB-London NW1, Vereinigtes Königreich</subfield>
         </datafield>
      </record>