
      <record>
         <leader>00000nz  a2200169   4500</leader>
         <controlfield tag="001">30001608</controlfield>
         <controlfield tag="003">RISM</controlfield>
         <controlfield tag="005">20160216</controlfield>
         <controlfield tag="008">160216n||az|||||||##########||||||||||||</controlfield>
         <datafield tag="040" ind1=" " ind2=" ">
            <subfield code="a">GB-LEc</subfield>
         </datafield>
         <datafield tag="043" ind1=" " ind2=" ">
            <subfield code="c">XA-GB</subfield>
         </datafield>
         <datafield tag="110" ind1="2" ind2=" ">
            <subfield code="a">Central Library, Music Library</subfield>
            <subfield code="c">Leeds</subfield>
            <subfield code="g">GB-LEc</subfield>
         </datafield>
         <datafield tag="410" ind1="2" ind2=" ">
            <subfield code="a">Public Libraries, Music Department, Central Library</subfield>
         </datafield>
         <datafield tag="622" ind1=" " ind2=" ">
            <subfield code="e">Central Library, Music Library, 1st Floor, Calverley Street, Leeds LS1 3AB, United Kingdom</subfield>
            <subfield code="u">http://www.leeds.gov.uk/leisure_and_culture/libraries/central_library.aspx</subfield>
         </datafield>
      </record>