
      <record>
         <leader>00000nz  a2200169   4500</leader>
         <controlfield tag="001">30001874</controlfield>
         <controlfield tag="003">RISM</controlfield>
         <controlfield tag="005">20160216</controlfield>
         <controlfield tag="008">160216n||az|||||||##########||||||||||||</controlfield>
         <datafield tag="040" ind1=" " ind2=" ">
            <subfield code="a">GB-LEIu</subfield>
         </datafield>
         <datafield tag="043" ind1=" " ind2=" ">
            <subfield code="c">XA-GB</subfield>
         </datafield>
         <datafield tag="110" ind1="2" ind2=" ">
            <subfield code="a">University of Leicester Library</subfield>
            <subfield code="c">Leicester</subfield>
            <subfield code="g">GB-LEIu</subfield>
         </datafield>
         <datafield tag="622" ind1=" " ind2=" ">
            <subfield code="e">University of Leicester Library, PO Box 248, Leicester LE 1 9QD, Vereinigtes Königreich</subfield>
         </datafield>
      </record>