
      <record>
         <leader>00000nz  a2200169   4500</leader>
         <controlfield tag="001">30001609</controlfield>
         <controlfield tag="003">RISM</controlfield>
         <controlfield tag="005">20160216</controlfield>
         <controlfield tag="008">160216n||az|||||||##########||||||||||||</controlfield>
         <datafield tag="040" ind1=" " ind2=" ">
            <subfield code="a">GB-LF</subfield>
         </datafield>
         <datafield tag="043" ind1=" " ind2=" ">
            <subfield code="c">XA-GB</subfield>
         </datafield>
         <datafield tag="110" ind1="2" ind2=" ">
            <subfield code="a">Cathedral Library</subfield>
            <subfield code="c">Lichfield</subfield>
            <subfield code="g">GB-LF</subfield>
         </datafield>
         <datafield tag="622" ind1=" " ind2=" ">
            <subfield code="e">Cathedral Library, 19A The Close, Lichfield WS13 7LD, United Kingdom</subfield>
            <subfield code="u">http://www.lichfield-cathedral.org/Visiting-Lichfield-Cathedral/the-cathedral-library.html</subfield>
         </datafield>
      </record>