
      <record>
         <leader>00000nz  a2200169   4500</leader>
         <controlfield tag="001">30005753</controlfield>
         <controlfield tag="003">RISM</controlfield>
         <controlfield tag="005">20160216</controlfield>
         <controlfield tag="008">160216n||az|||||||##########||||||||||||</controlfield>
         <datafield tag="040" ind1=" " ind2=" ">
            <subfield code="a">GB-Lfm</subfield>
         </datafield>
         <datafield tag="043" ind1=" " ind2=" ">
            <subfield code="c">XA-GB</subfield>
         </datafield>
         <datafield tag="110" ind1="2" ind2=" ">
            <subfield code="a">Faber Music &lt;London&gt;</subfield>
            <subfield code="c">London</subfield>
            <subfield code="g">GB-Lfm</subfield>
         </datafield>
         <datafield tag="622" ind1=" " ind2=" ">
            <subfield code="e">Faber Music, GB-London, Vereinigtes Königreich</subfield>
            <subfield code="u">http://www.fabermusic.com</subfield>
         </datafield>
      </record>