
      <record>
         <leader>00000nz  a2200169   4500</leader>
         <controlfield tag="001">30080633</controlfield>
         <controlfield tag="003">RISM</controlfield>
         <controlfield tag="005">20160216</controlfield>
         <controlfield tag="008">160216n||az|||||||##########||||||||||||</controlfield>
         <datafield tag="040" ind1=" " ind2=" ">
            <subfield code="a">GB-Lfsl</subfield>
         </datafield>
         <datafield tag="043" ind1=" " ind2=" ">
            <subfield code="c">XA-GB</subfield>
         </datafield>
         <datafield tag="110" ind1="2" ind2=" ">
            <subfield code="a">The Folklore Society Library</subfield>
            <subfield code="c">London</subfield>
            <subfield code="g">GB-Lfsl</subfield>
         </datafield>
         <datafield tag="622" ind1=" " ind2=" ">
            <subfield code="e">The Folklore Society Library, c/o The Warburg Institute, Woburn Square, London WC1H 0AB, United Kingdom</subfield>
            <subfield code="u">http://folklore-society.com/about/the-folklore-society-library/</subfield>
         </datafield>
      </record>