
      <record>
         <leader>00000nz  a2200169   4500</leader>
         <controlfield tag="001">30077206</controlfield>
         <controlfield tag="003">RISM</controlfield>
         <controlfield tag="005">20160216</controlfield>
         <controlfield tag="008">160216n||az|||||||##########||||||||||||</controlfield>
         <datafield tag="040" ind1=" " ind2=" ">
            <subfield code="a">GB-Lghl</subfield>
         </datafield>
         <datafield tag="043" ind1=" " ind2=" ">
            <subfield code="c">XA-GB</subfield>
         </datafield>
         <datafield tag="110" ind1="2" ind2=" ">
            <subfield code="a">Guildhall Library</subfield>
            <subfield code="c">London</subfield>
            <subfield code="g">GB-Lghl</subfield>
         </datafield>
         <datafield tag="622" ind1=" " ind2=" ">
            <subfield code="e">Guildhall Library, Aldermanbury, London EC2V 7HH, United Kingdom</subfield>
            <subfield code="u">http://www.cityoflondon.gov.uk/Corporation/LGNL_Services/Leisure_and_culture/Libraries/City_of_London_libraries/guildhall_lib.htm</subfield>
         </datafield>
      </record>