
      <record>
         <leader>00000nz  a2200169   4500</leader>
         <controlfield tag="001">30005631</controlfield>
         <controlfield tag="003">RISM</controlfield>
         <controlfield tag="005">20160216</controlfield>
         <controlfield tag="008">160216n||az|||||||##########||||||||||||</controlfield>
         <datafield tag="040" ind1=" " ind2=" ">
            <subfield code="a">GB-Lglen</subfield>
         </datafield>
         <datafield tag="043" ind1=" " ind2=" ">
            <subfield code="c">XA-GB</subfield>
         </datafield>
         <datafield tag="110" ind1="2" ind2=" ">
            <subfield code="a">Nessa Glen private collection</subfield>
            <subfield code="c">London</subfield>
            <subfield code="g">GB-Lglen</subfield>
         </datafield>
         <datafield tag="410" ind1="2" ind2=" ">
            <subfield code="a">Jon A. Gillaspie private collection</subfield>
         </datafield>
         <datafield tag="622" ind1=" " ind2=" ">
            <subfield code="e">Nessa Glen private collection, 9 Stanbridge Mansions, Stanbridge Road, London SW15 1DU, United Kingdom</subfield>
         </datafield>
      </record>