
      <record>
         <leader>00000nz  a2200169   4500</leader>
         <controlfield tag="001">30076079</controlfield>
         <controlfield tag="003">RISM</controlfield>
         <controlfield tag="005">20160216</controlfield>
         <controlfield tag="008">160216n||az|||||||##########||||||||||||</controlfield>
         <datafield tag="040" ind1=" " ind2=" ">
            <subfield code="a">GB-Lgs</subfield>
         </datafield>
         <datafield tag="110" ind1="2" ind2=" ">
            <subfield code="a">Guildhall School of Music &amp; Drama</subfield>
            <subfield code="c">London</subfield>
            <subfield code="g">GB-Lgs</subfield>
         </datafield>
         <datafield tag="622" ind1=" " ind2=" ">
            <subfield code="e">Guildhall School of Music &amp; Drama, Silk Street / Barbican, London EC2Y 8DT</subfield>
            <subfield code="u">http://www.gsmd.ac.uk</subfield>
         </datafield>
      </record>