
      <record>
         <leader>00000nz  a2200169   4500</leader>
         <controlfield tag="001">30001589</controlfield>
         <controlfield tag="003">RISM</controlfield>
         <controlfield tag="005">20160216</controlfield>
         <controlfield tag="008">160216n||az|||||||##########||||||||||||</controlfield>
         <datafield tag="040" ind1=" " ind2=" ">
            <subfield code="a">GB-Lhaas</subfield>
         </datafield>
         <datafield tag="043" ind1=" " ind2=" ">
            <subfield code="c">XA-GB</subfield>
         </datafield>
         <datafield tag="110" ind1="2" ind2=" ">
            <subfield code="a">Otto Haas private collection</subfield>
            <subfield code="c">London</subfield>
            <subfield code="g">GB-Lhaas</subfield>
         </datafield>
         <datafield tag="622" ind1=" " ind2=" ">
            <subfield code="e">Otto Haas private collection, London, Vereinigtes Königreich</subfield>
         </datafield>
      </record>