
      <record>
         <leader>00000nz  a2200169   4500</leader>
         <controlfield tag="001">30003735</controlfield>
         <controlfield tag="003">RISM</controlfield>
         <controlfield tag="005">20160216</controlfield>
         <controlfield tag="008">160216n||az|||||||##########||||||||||||</controlfield>
         <datafield tag="040" ind1=" " ind2=" ">
            <subfield code="a">GB-Lharwood</subfield>
         </datafield>
         <datafield tag="043" ind1=" " ind2=" ">
            <subfield code="c">XA-GB</subfield>
         </datafield>
         <datafield tag="110" ind1="2" ind2=" ">
            <subfield code="a">Private collection Jan Harwood</subfield>
            <subfield code="c">London</subfield>
            <subfield code="g">GB-Lharwood</subfield>
         </datafield>
         <datafield tag="410" ind1="2" ind2=" ">
            <subfield code="a">Bibliothèque privée Jan Harwood</subfield>
         </datafield>
         <datafield tag="622" ind1=" " ind2=" ">
            <subfield code="e">Private collection Jan Harwood, GB-London-Harrow, Vereinigtes Königreich</subfield>
         </datafield>
      </record>