
      <record>
         <leader>00000nz  a2200169   4500</leader>
         <controlfield tag="001">30005648</controlfield>
         <controlfield tag="003">RISM</controlfield>
         <controlfield tag="005">20160216</controlfield>
         <controlfield tag="008">160216n||az|||||||##########||||||||||||</controlfield>
         <datafield tag="040" ind1=" " ind2=" ">
            <subfield code="a">GB-LIa</subfield>
         </datafield>
         <datafield tag="043" ind1=" " ind2=" ">
            <subfield code="c">XA-GB</subfield>
         </datafield>
         <datafield tag="110" ind1="2" ind2=" ">
            <subfield code="a">Lincolnshire Archives Office</subfield>
            <subfield code="c">Lincoln</subfield>
            <subfield code="g">GB-LIa</subfield>
         </datafield>
         <datafield tag="622" ind1=" " ind2=" ">
            <subfield code="e">Lincolnshire Archives Office, GB-Lincoln, Vereinigtes Königreich</subfield>
         </datafield>
      </record>