
      <record>
         <leader>00000nz  a2200169   4500</leader>
         <controlfield tag="001">30001590</controlfield>
         <controlfield tag="003">RISM</controlfield>
         <controlfield tag="005">20160216</controlfield>
         <controlfield tag="008">160216n||az|||||||##########||||||||||||</controlfield>
         <datafield tag="040" ind1=" " ind2=" ">
            <subfield code="a">GB-Lkc</subfield>
         </datafield>
         <datafield tag="043" ind1=" " ind2=" ">
            <subfield code="c">XA-GB</subfield>
         </datafield>
         <datafield tag="110" ind1="2" ind2=" ">
            <subfield code="a">Maughan Library, King's College, University of London</subfield>
            <subfield code="c">London</subfield>
            <subfield code="g">GB-Lkc</subfield>
         </datafield>
         <datafield tag="622" ind1=" " ind2=" ">
            <subfield code="e">Maughan Library, King's College,,  University of London, Chancery Lane, London WC2A 1LR, United Kingdom</subfield>
            <subfield code="u">http://www.kcl.ac.uk/library/libraries/maughan.aspx</subfield>
         </datafield>
      </record>