
      <record>
         <leader>00000nz  a2200169   4500</leader>
         <controlfield tag="001">30070407</controlfield>
         <controlfield tag="003">RISM</controlfield>
         <controlfield tag="005">20160216</controlfield>
         <controlfield tag="008">160216n||az|||||||##########||||||||||||</controlfield>
         <datafield tag="040" ind1=" " ind2=" ">
            <subfield code="a">GB-Llbhf</subfield>
         </datafield>
         <datafield tag="043" ind1=" " ind2=" ">
            <subfield code="c">XA-GB</subfield>
         </datafield>
         <datafield tag="110" ind1="2" ind2=" ">
            <subfield code="a">Hammersmith and Fulham Archives and Local History Centre</subfield>
            <subfield code="c">London</subfield>
            <subfield code="g">GB-Llbhf</subfield>
         </datafield>
         <datafield tag="622" ind1=" " ind2=" ">
            <subfield code="e">Hammersmith and Fulham Archives and,  Local History Centre, The Lilla Huset, 191 Talgarth Road, London W6 8BJ, United Kingdom</subfield>
            <subfield code="u">http://www.lbhf.gov.uk</subfield>
         </datafield>
      </record>