
      <record>
         <leader>00000nz  a2200169   4500</leader>
         <controlfield tag="001">30077003</controlfield>
         <controlfield tag="003">RISM</controlfield>
         <controlfield tag="005">20160216</controlfield>
         <controlfield tag="008">160216n||az|||||||##########||||||||||||</controlfield>
         <datafield tag="040" ind1=" " ind2=" ">
            <subfield code="a">GB-Llma</subfield>
         </datafield>
         <datafield tag="043" ind1=" " ind2=" ">
            <subfield code="c">XA-GB</subfield>
         </datafield>
         <datafield tag="110" ind1="2" ind2=" ">
            <subfield code="a">London Metropolitan Archives</subfield>
            <subfield code="c">London</subfield>
            <subfield code="g">GB-Llma</subfield>
         </datafield>
         <datafield tag="622" ind1=" " ind2=" ">
            <subfield code="e">London Metropolitan Archives, Clerkenwell, 40 Northampton Road, London, EC1R 0HB, United Kingdom</subfield>
            <subfield code="u">http://www.cityoflondon.gov.uk/Corporation/LGNL_Services/Leisure_and_culture/Records_and_archives/</subfield>
         </datafield>
      </record>