
      <record>
         <leader>00000nz  a2200169   4500</leader>
         <controlfield tag="001">30003736</controlfield>
         <controlfield tag="003">RISM</controlfield>
         <controlfield tag="005">20160216</controlfield>
         <controlfield tag="008">160216n||az|||||||##########||||||||||||</controlfield>
         <datafield tag="040" ind1=" " ind2=" ">
            <subfield code="a">GB-LLwilliams</subfield>
         </datafield>
         <datafield tag="043" ind1=" " ind2=" ">
            <subfield code="c">XA-GB</subfield>
         </datafield>
         <datafield tag="110" ind1="2" ind2=" ">
            <subfield code="a">Private collection Gwynn Williams Esq</subfield>
            <subfield code="c">Llangollen</subfield>
            <subfield code="g">GB-LLwilliams</subfield>
         </datafield>
         <datafield tag="410" ind1="2" ind2=" ">
            <subfield code="a">Bibliothèque privée Gwynn Williams Esq</subfield>
         </datafield>
         <datafield tag="622" ind1=" " ind2=" ">
            <subfield code="e">Private collection Gwynn Williams Esq, Llangollen, Vereinigtes Königreich</subfield>
         </datafield>
      </record>