
      <record>
         <leader>00000nz  a2200169   4500</leader>
         <controlfield tag="001">30000288</controlfield>
         <controlfield tag="003">RISM</controlfield>
         <controlfield tag="005">20160216</controlfield>
         <controlfield tag="008">160216n||az|||||||##########||||||||||||</controlfield>
         <datafield tag="040" ind1=" " ind2=" ">
            <subfield code="a">GB-Lsp</subfield>
         </datafield>
         <datafield tag="043" ind1=" " ind2=" ">
            <subfield code="c">XA-GB</subfield>
         </datafield>
         <datafield tag="110" ind1="2" ind2=" ">
            <subfield code="a">St. Paul's Cathedral Library</subfield>
            <subfield code="c">London</subfield>
            <subfield code="g">GB-Lsp</subfield>
         </datafield>
         <datafield tag="622" ind1=" " ind2=" ">
            <subfield code="e">St. Paul's Cathedral Library, London EC4M 8AE, United Kingdom</subfield>
            <subfield code="u">http://www.stpauls.co.uk/Cathedral-History/The-Library</subfield>
         </datafield>
      </record>