
      <record>
         <leader>00000nz  a2200169   4500</leader>
         <controlfield tag="001">30001604</controlfield>
         <controlfield tag="003">RISM</controlfield>
         <controlfield tag="005">20160216</controlfield>
         <controlfield tag="008">160216n||az|||||||##########||||||||||||</controlfield>
         <datafield tag="040" ind1=" " ind2=" ">
            <subfield code="a">GB-Lwa</subfield>
         </datafield>
         <datafield tag="043" ind1=" " ind2=" ">
            <subfield code="c">XA-GB</subfield>
         </datafield>
         <datafield tag="110" ind1="2" ind2=" ">
            <subfield code="a">Westminster Abbey Library</subfield>
            <subfield code="c">London</subfield>
            <subfield code="g">GB-Lwa</subfield>
         </datafield>
         <datafield tag="622" ind1=" " ind2=" ">
            <subfield code="e">Westminster Abbey Library, East Cloister, London SW1P 3PA, United Kingdom</subfield>
            <subfield code="u">http://www.westminster-abbey.org/library-research</subfield>
         </datafield>
      </record>