
      <record>
         <leader>00000nz  a2200169   4500</leader>
         <controlfield tag="001">30001605</controlfield>
         <controlfield tag="003">RISM</controlfield>
         <controlfield tag="005">20160216</controlfield>
         <controlfield tag="008">160216n||az|||||||##########||||||||||||</controlfield>
         <datafield tag="040" ind1=" " ind2=" ">
            <subfield code="a">GB-Lwi</subfield>
         </datafield>
         <datafield tag="043" ind1=" " ind2=" ">
            <subfield code="c">XA-GB</subfield>
         </datafield>
         <datafield tag="110" ind1="2" ind2=" ">
            <subfield code="a">The Warburg Institute</subfield>
            <subfield code="c">London</subfield>
            <subfield code="g">GB-Lwi</subfield>
         </datafield>
         <datafield tag="622" ind1=" " ind2=" ">
            <subfield code="e">The Warburg Institute, University of London, School of Advanced,  Study, Woburn Square, London WC1H 0AB, United Kingdom</subfield>
            <subfield code="u">http://warburg.sas.ac.uk/home/</subfield>
         </datafield>
      </record>