
      <record>
         <leader>00000nz  a2200169   4500</leader>
         <controlfield tag="001">30001620</controlfield>
         <controlfield tag="003">RISM</controlfield>
         <controlfield tag="005">20160216</controlfield>
         <controlfield tag="008">160216n||az|||||||##########||||||||||||</controlfield>
         <datafield tag="040" ind1=" " ind2=" ">
            <subfield code="a">GB-MA</subfield>
         </datafield>
         <datafield tag="043" ind1=" " ind2=" ">
            <subfield code="c">XA-GB</subfield>
         </datafield>
         <datafield tag="110" ind1="2" ind2=" ">
            <subfield code="a">Archives and local history</subfield>
            <subfield code="c">Maidstone</subfield>
            <subfield code="g">GB-MA</subfield>
         </datafield>
         <datafield tag="410" ind1="2" ind2=" ">
            <subfield code="a">Kent County Record Office</subfield>
         </datafield>
         <datafield tag="410" ind1="2" ind2=" ">
            <subfield code="a">Kent County Archives</subfield>
         </datafield>
         <datafield tag="410" ind1="2" ind2=" ">
            <subfield code="a">Kent Archive Office</subfield>
         </datafield>
         <datafield tag="622" ind1=" " ind2=" ">
            <subfield code="e">Archives and local history, County Hall Kent Archives Service, Sessions House, Maidstone ME14 1XQ, United Kingdom</subfield>
            <subfield code="u">http://www.kent.gov.uk/leisure_and_culture/archives_and_local_history/archive_and_local_history.aspx</subfield>
         </datafield>
      </record>