
      <record>
         <leader>00000nz  a2200169   4500</leader>
         <controlfield tag="001">30001613</controlfield>
         <controlfield tag="003">RISM</controlfield>
         <controlfield tag="005">20160216</controlfield>
         <controlfield tag="008">160216n||az|||||||##########||||||||||||</controlfield>
         <datafield tag="040" ind1=" " ind2=" ">
            <subfield code="a">GB-Mch</subfield>
         </datafield>
         <datafield tag="043" ind1=" " ind2=" ">
            <subfield code="c">XA-GB</subfield>
         </datafield>
         <datafield tag="110" ind1="2" ind2=" ">
            <subfield code="a">Chetham's Library</subfield>
            <subfield code="c">Manchester</subfield>
            <subfield code="g">GB-Mch</subfield>
         </datafield>
         <datafield tag="410" ind1="2" ind2=" ">
            <subfield code="a">Chetham Library</subfield>
         </datafield>
         <datafield tag="622" ind1=" " ind2=" ">
            <subfield code="e">Chetham's Library, Hunt's Bank, GB-Manchester 3, Vereinigtes Königreich</subfield>
         </datafield>
      </record>