
      <record>
         <leader>00000nz  a2200169   4500</leader>
         <controlfield tag="001">30001614</controlfield>
         <controlfield tag="003">RISM</controlfield>
         <controlfield tag="005">20160216</controlfield>
         <controlfield tag="008">160216n||az|||||||##########||||||||||||</controlfield>
         <datafield tag="040" ind1=" " ind2=" ">
            <subfield code="a">GB-Mcm</subfield>
         </datafield>
         <datafield tag="043" ind1=" " ind2=" ">
            <subfield code="c">XA-GB</subfield>
         </datafield>
         <datafield tag="110" ind1="2" ind2=" ">
            <subfield code="a">Royal Northern College of Music - The Library</subfield>
            <subfield code="c">Manchester</subfield>
            <subfield code="g">GB-Mcm</subfield>
         </datafield>
         <datafield tag="622" ind1=" " ind2=" ">
            <subfield code="e">Royal Northern College of Music - The,  Library, 124 Oxford Road, Manchester M13 9RD, United Kingdom</subfield>
            <subfield code="u">http://www.rncm.ac.uk/</subfield>
         </datafield>
      </record>