
      <record>
         <leader>00000nz  a2200169   4500</leader>
         <controlfield tag="001">30006623</controlfield>
         <controlfield tag="003">RISM</controlfield>
         <controlfield tag="005">20160216</controlfield>
         <controlfield tag="008">160216n||az|||||||##########||||||||||||</controlfield>
         <datafield tag="040" ind1=" " ind2=" ">
            <subfield code="a">GB-MOa</subfield>
         </datafield>
         <datafield tag="043" ind1=" " ind2=" ">
            <subfield code="c">XA-GB</subfield>
         </datafield>
         <datafield tag="110" ind1="2" ind2=" ">
            <subfield code="a">Montrose Library</subfield>
            <subfield code="c">Montrose</subfield>
            <subfield code="g">GB-MOa</subfield>
         </datafield>
         <datafield tag="410" ind1="2" ind2=" ">
            <subfield code="a">Angus Local Studies Centre</subfield>
         </datafield>
         <datafield tag="622" ind1=" " ind2=" ">
            <subfield code="e">Montrose Library, 214 High Street, Montrose DD10 8PH, United Kingdom</subfield>
            <subfield code="u">http://www.angus.gov.uk/history/libraries/montroselib.htm</subfield>
         </datafield>
      </record>