
      <record>
         <leader>00000nz  a2200169   4500</leader>
         <controlfield tag="001">30001615</controlfield>
         <controlfield tag="003">RISM</controlfield>
         <controlfield tag="005">20160216</controlfield>
         <controlfield tag="008">160216n||az|||||||##########||||||||||||</controlfield>
         <datafield tag="040" ind1=" " ind2=" ">
            <subfield code="a">GB-Mp</subfield>
         </datafield>
         <datafield tag="043" ind1=" " ind2=" ">
            <subfield code="c">XA-GB</subfield>
         </datafield>
         <datafield tag="110" ind1="2" ind2=" ">
            <subfield code="a">Henry Watson Music Library</subfield>
            <subfield code="c">Manchester</subfield>
            <subfield code="g">GB-Mp</subfield>
         </datafield>
         <datafield tag="410" ind1="2" ind2=" ">
            <subfield code="a">Central Library</subfield>
         </datafield>
         <datafield tag="410" ind1="2" ind2=" ">
            <subfield code="a">Central Public Library</subfield>
         </datafield>
         <datafield tag="622" ind1=" " ind2=" ">
            <subfield code="e">Henry Watson Music Library, City Library Elliot House, 151 Deansgate, Manchester M3 3WD, United Kingdom</subfield>
            <subfield code="u">http://www.manchester.gov.uk/info/1015/books_reading_and_music/962/henry_watson_music_library/1</subfield>
         </datafield>
      </record>