
      <record>
         <leader>00000nz  a2200169   4500</leader>
         <controlfield tag="001">30001616</controlfield>
         <controlfield tag="003">RISM</controlfield>
         <controlfield tag="005">20160216</controlfield>
         <controlfield tag="008">160216n||az|||||||##########||||||||||||</controlfield>
         <datafield tag="040" ind1=" " ind2=" ">
            <subfield code="a">GB-Mr</subfield>
         </datafield>
         <datafield tag="043" ind1=" " ind2=" ">
            <subfield code="c">XA-GB</subfield>
         </datafield>
         <datafield tag="110" ind1="2" ind2=" ">
            <subfield code="a">John Rylands University Library</subfield>
            <subfield code="c">Manchester</subfield>
            <subfield code="g">GB-Mr</subfield>
         </datafield>
         <datafield tag="622" ind1=" " ind2=" ">
            <subfield code="e">John Rylands University Library, 150 Deansgate, Manchester M3 3EH, United Kingdom</subfield>
            <subfield code="u">http://www.library.manchester.ac.uk</subfield>
         </datafield>
      </record>