
      <record>
         <leader>00000nz  a2200169   4500</leader>
         <controlfield tag="001">30001617</controlfield>
         <controlfield tag="003">RISM</controlfield>
         <controlfield tag="005">20160216</controlfield>
         <controlfield tag="008">160216n||az|||||||##########||||||||||||</controlfield>
         <datafield tag="040" ind1=" " ind2=" ">
            <subfield code="a">GB-Mrothwell</subfield>
         </datafield>
         <datafield tag="043" ind1=" " ind2=" ">
            <subfield code="c">XA-GB</subfield>
         </datafield>
         <datafield tag="110" ind1="2" ind2=" ">
            <subfield code="a">Evelyn Rothwell private collection</subfield>
            <subfield code="c">Manchester</subfield>
            <subfield code="g">GB-Mrothwell</subfield>
         </datafield>
         <datafield tag="622" ind1=" " ind2=" ">
            <subfield code="e">Evelyn Rothwell private collection, Manchester, Vereinigtes Königreich</subfield>
         </datafield>
      </record>