
      <record>
         <leader>00000nz  a2200169   4500</leader>
         <controlfield tag="001">30078887</controlfield>
         <controlfield tag="003">RISM</controlfield>
         <controlfield tag="005">20160216</controlfield>
         <controlfield tag="008">160216n||az|||||||##########||||||||||||</controlfield>
         <datafield tag="040" ind1=" " ind2=" ">
            <subfield code="a">GB-MW</subfield>
         </datafield>
         <datafield tag="043" ind1=" " ind2=" ">
            <subfield code="c">GB</subfield>
         </datafield>
         <datafield tag="110" ind1="2" ind2=" ">
            <subfield code="a">Public Library</subfield>
            <subfield code="c">Motherwell</subfield>
            <subfield code="g">GB-MW</subfield>
         </datafield>
         <datafield tag="622" ind1=" " ind2=" ">
            <subfield code="e">Public Library, 35 Hamilton Road, Motherwell, North Lanarkshire, ML1 3BZ, United Kingdom</subfield>
         </datafield>
      </record>