
      <record>
         <leader>00000nz  a2200169   4500</leader>
         <controlfield tag="001">30004088</controlfield>
         <controlfield tag="003">RISM</controlfield>
         <controlfield tag="005">20160216</controlfield>
         <controlfield tag="008">160216n||az|||||||##########||||||||||||</controlfield>
         <datafield tag="040" ind1=" " ind2=" ">
            <subfield code="a">GB-NOr</subfield>
         </datafield>
         <datafield tag="043" ind1=" " ind2=" ">
            <subfield code="c">XA-GB</subfield>
         </datafield>
         <datafield tag="110" ind1="2" ind2=" ">
            <subfield code="a">Nottinghamshire Archives</subfield>
            <subfield code="c">Nottingham</subfield>
            <subfield code="g">GB-NOr</subfield>
         </datafield>
         <datafield tag="410" ind1="2" ind2=" ">
            <subfield code="a">Archive Office</subfield>
         </datafield>
         <datafield tag="622" ind1=" " ind2=" ">
            <subfield code="e">Nottinghamshire Archives, Office County House, Castle Meadow Road, Nottingham NG2 1AG, United Kingdom</subfield>
            <subfield code="u">http://www.nottinghamshire.gov.uk/archives</subfield>
         </datafield>
      </record>