
      <record>
         <leader>00000nz  a2200169   4500</leader>
         <controlfield tag="001">30061518</controlfield>
         <controlfield tag="003">RISM</controlfield>
         <controlfield tag="005">20160216</controlfield>
         <controlfield tag="008">160216n||az|||||||##########||||||||||||</controlfield>
         <datafield tag="040" ind1=" " ind2=" ">
            <subfield code="a">GB-NTnro</subfield>
         </datafield>
         <datafield tag="043" ind1=" " ind2=" ">
            <subfield code="c">XA-GB</subfield>
         </datafield>
         <datafield tag="110" ind1="2" ind2=" ">
            <subfield code="a">Northumberland Record Office</subfield>
            <subfield code="c">Newcastle upon Tyne</subfield>
            <subfield code="g">GB-NTnro</subfield>
         </datafield>
         <datafield tag="622" ind1=" " ind2=" ">
            <subfield code="e">Northumberland Record Office, Melton Park, North Gosforth and Wear, Newcastle upon Tyne NE3 5QX, United Kingdom</subfield>
            <subfield code="u">http://www.northumberland.gov.uk</subfield>
         </datafield>
      </record>