
      <record>
         <leader>00000nz  a2200169   4500</leader>
         <controlfield tag="001">30003737</controlfield>
         <controlfield tag="003">RISM</controlfield>
         <controlfield tag="005">20160216</controlfield>
         <controlfield tag="008">160216n||az|||||||##########||||||||||||</controlfield>
         <datafield tag="040" ind1=" " ind2=" ">
            <subfield code="a">GB-NWhamond</subfield>
         </datafield>
         <datafield tag="043" ind1=" " ind2=" ">
            <subfield code="c">XA-GB</subfield>
         </datafield>
         <datafield tag="110" ind1="2" ind2=" ">
            <subfield code="a">Private collection Captain Anthony Hamond</subfield>
            <subfield code="c">Norwich</subfield>
            <subfield code="g">GB-NWhamond</subfield>
         </datafield>
         <datafield tag="410" ind1="2" ind2=" ">
            <subfield code="a">Bibliothèque privée Captain Anthony Hamond</subfield>
         </datafield>
         <datafield tag="622" ind1=" " ind2=" ">
            <subfield code="e">Private collection Captain Anthony, Hamond, Norwich, Vereinigtes Königreich</subfield>
         </datafield>
      </record>