
      <record>
         <leader>00000nz  a2200169   4500</leader>
         <controlfield tag="001">30001627</controlfield>
         <controlfield tag="003">RISM</controlfield>
         <controlfield tag="005">20160216</controlfield>
         <controlfield tag="008">160216n||az|||||||##########||||||||||||</controlfield>
         <datafield tag="040" ind1=" " ind2=" ">
            <subfield code="a">GB-Ob</subfield>
         </datafield>
         <datafield tag="043" ind1=" " ind2=" ">
            <subfield code="c">XA-GB</subfield>
         </datafield>
         <datafield tag="110" ind1="2" ind2=" ">
            <subfield code="a">Bodleian Library</subfield>
            <subfield code="c">Oxford</subfield>
            <subfield code="g">GB-Ob</subfield>
         </datafield>
         <datafield tag="622" ind1=" " ind2=" ">
            <subfield code="e">Bodleian Library, Broad Street, Oxford OX1 3BG, United Kingdom</subfield>
            <subfield code="u">http://www.bodleian.ox.ac.uk/bodley</subfield>
         </datafield>
      </record>