
      <record>
         <leader>00000nz  a2200169   4500</leader>
         <controlfield tag="001">30080547</controlfield>
         <controlfield tag="003">RISM</controlfield>
         <controlfield tag="005">20160216</controlfield>
         <controlfield tag="008">160216n||az|||||||##########||||||||||||</controlfield>
         <datafield tag="040" ind1=" " ind2=" ">
            <subfield code="a">GB-Odiamm</subfield>
         </datafield>
         <datafield tag="043" ind1=" " ind2=" ">
            <subfield code="c">XA-GB</subfield>
         </datafield>
         <datafield tag="110" ind1="2" ind2=" ">
            <subfield code="a">Digital Image Archive of Medieval Music (DIAMM)</subfield>
            <subfield code="c">Oxford</subfield>
            <subfield code="g">GB-Odiamm</subfield>
         </datafield>
         <datafield tag="622" ind1=" " ind2=" ">
            <subfield code="e">Digital Image Archive of Medieval Music,  (DIAMM), University of Oxford - Faculty of Music, Oxford OX1 1DB, United Kingdom</subfield>
            <subfield code="u">http://www.diamm.ac.uk/</subfield>
         </datafield>
      </record>