
      <record>
         <leader>00000nz  a2200169   4500</leader>
         <controlfield tag="001">30002988</controlfield>
         <controlfield tag="003">RISM</controlfield>
         <controlfield tag="005">20160216</controlfield>
         <controlfield tag="008">160216n||az|||||||##########||||||||||||</controlfield>
         <datafield tag="040" ind1=" " ind2=" ">
            <subfield code="a">GB-OHec</subfield>
         </datafield>
         <datafield tag="043" ind1=" " ind2=" ">
            <subfield code="c">XA-GB</subfield>
         </datafield>
         <datafield tag="110" ind1="2" ind2=" ">
            <subfield code="a">Library of St. Edmund's College</subfield>
            <subfield code="c">Old Hall</subfield>
            <subfield code="g">GB-OHec</subfield>
         </datafield>
         <datafield tag="622" ind1=" " ind2=" ">
            <subfield code="e">Library of St. Edmund's College, Old Hall, Vereinigtes Königreich</subfield>
         </datafield>
      </record>