
      <record>
         <leader>00000nz  a2200169   4500</leader>
         <controlfield tag="001">30001632</controlfield>
         <controlfield tag="003">RISM</controlfield>
         <controlfield tag="005">20160216</controlfield>
         <controlfield tag="008">160216n||az|||||||##########||||||||||||</controlfield>
         <datafield tag="040" ind1=" " ind2=" ">
            <subfield code="a">GB-Ojc</subfield>
         </datafield>
         <datafield tag="043" ind1=" " ind2=" ">
            <subfield code="c">XA-GB</subfield>
         </datafield>
         <datafield tag="110" ind1="2" ind2=" ">
            <subfield code="a">St John's College Library</subfield>
            <subfield code="c">Oxford</subfield>
            <subfield code="g">GB-Ojc</subfield>
         </datafield>
         <datafield tag="622" ind1=" " ind2=" ">
            <subfield code="e">St John's College Library, St Giles, Oxford OX1 3JP, United Kingdom</subfield>
            <subfield code="u">http://www.sjc.ox.ac.uk/385/Library-and-archives.html</subfield>
         </datafield>
      </record>