
      <record>
         <leader>00000nz  a2200169   4500</leader>
         <controlfield tag="001">30006624</controlfield>
         <controlfield tag="003">RISM</controlfield>
         <controlfield tag="005">20160216</controlfield>
         <controlfield tag="008">160216n||az|||||||##########||||||||||||</controlfield>
         <datafield tag="040" ind1=" " ind2=" ">
            <subfield code="a">GB-Oro</subfield>
         </datafield>
         <datafield tag="043" ind1=" " ind2=" ">
            <subfield code="c">XA-GB</subfield>
         </datafield>
         <datafield tag="110" ind1="2" ind2=" ">
            <subfield code="a">Oxfordshire History Centre</subfield>
            <subfield code="c">Oxford</subfield>
            <subfield code="g">GB-Oro</subfield>
         </datafield>
         <datafield tag="410" ind1="2" ind2=" ">
            <subfield code="a">Oxfordshire Record Office</subfield>
         </datafield>
         <datafield tag="622" ind1=" " ind2=" ">
            <subfield code="e">Oxfordshire History Centre, St. Lukes's Church, Temple Road, Oxford OX4 2HT, United Kingdom</subfield>
            <subfield code="u">http://www.oxfordshire.gov.uk/cms/public-site/oxfordshire-history-centre</subfield>
         </datafield>
      </record>