
      <record>
         <leader>00000nz  a2200169   4500</leader>
         <controlfield tag="001">30078026</controlfield>
         <controlfield tag="003">RISM</controlfield>
         <controlfield tag="005">20160216</controlfield>
         <controlfield tag="008">160216n||az|||||||##########||||||||||||</controlfield>
         <datafield tag="040" ind1=" " ind2=" ">
            <subfield code="a">GB-Otil</subfield>
         </datafield>
         <datafield tag="043" ind1=" " ind2=" ">
            <subfield code="c">GB</subfield>
         </datafield>
         <datafield tag="110" ind1="2" ind2=" ">
            <subfield code="a">University of Oxford, Taylor Institution Library</subfield>
            <subfield code="c">Oxford</subfield>
            <subfield code="g">GB-Otil</subfield>
         </datafield>
         <datafield tag="622" ind1=" " ind2=" ">
            <subfield code="e">Taylor Institution Library, St Giles', Oxford OX1 3NA, United Kingdom</subfield>
            <subfield code="u">http://www.bodleian.ox.ac.uk/taylor</subfield>
         </datafield>
      </record>