
      <record>
         <leader>00000nz  a2200169   4500</leader>
         <controlfield tag="001">30001640</controlfield>
         <controlfield tag="003">RISM</controlfield>
         <controlfield tag="005">20160216</controlfield>
         <controlfield tag="008">160216n||az|||||||##########||||||||||||</controlfield>
         <datafield tag="040" ind1=" " ind2=" ">
            <subfield code="a">GB-Ouf</subfield>
         </datafield>
         <datafield tag="043" ind1=" " ind2=" ">
            <subfield code="c">XA-GB</subfield>
         </datafield>
         <datafield tag="110" ind1="2" ind2=" ">
            <subfield code="a">Oxford University, Faculty of Music Library</subfield>
            <subfield code="c">Oxford</subfield>
            <subfield code="g">GB-Ouf</subfield>
         </datafield>
         <datafield tag="410" ind1="2" ind2=" ">
            <subfield code="a">University, Faculty of Music</subfield>
         </datafield>
         <datafield tag="410" ind1="2" ind2=" ">
            <subfield code="a">University Faculty Library</subfield>
         </datafield>
         <datafield tag="622" ind1=" " ind2=" ">
            <subfield code="e">Oxford University, Faculty of Music, Library, 32 Holywell, GB-Oxford, Vereinigtes Königreich</subfield>
         </datafield>
      </record>