
      <record>
         <leader>00000nz  a2200169   4500</leader>
         <controlfield tag="001">30001643</controlfield>
         <controlfield tag="003">RISM</controlfield>
         <controlfield tag="005">20160216</controlfield>
         <controlfield tag="008">160216n||az|||||||##########||||||||||||</controlfield>
         <datafield tag="040" ind1=" " ind2=" ">
            <subfield code="a">GB-P</subfield>
         </datafield>
         <datafield tag="043" ind1=" " ind2=" ">
            <subfield code="c">XA-GB</subfield>
         </datafield>
         <datafield tag="110" ind1="2" ind2=" ">
            <subfield code="a">AK Bell Library</subfield>
            <subfield code="c">Perth</subfield>
            <subfield code="g">GB-P</subfield>
         </datafield>
         <datafield tag="410" ind1="2" ind2=" ">
            <subfield code="a">Sandeman Public Library</subfield>
         </datafield>
         <datafield tag="410" ind1="2" ind2=" ">
            <subfield code="a">Sandeman Music Library</subfield>
         </datafield>
         <datafield tag="622" ind1=" " ind2=" ">
            <subfield code="e">AK Bell Library, Perth &amp; Kinross Council, York Place, Perth PH2 8EP, United Kingdom</subfield>
            <subfield code="u">http://www.pkc.gov.uk/article/3415/AK-Bell-Library</subfield>
         </datafield>
      </record>