
      <record>
         <leader>00000nz  a2200169   4500</leader>
         <controlfield tag="001">30078888</controlfield>
         <controlfield tag="003">RISM</controlfield>
         <controlfield tag="005">20160216</controlfield>
         <controlfield tag="008">160216n||az|||||||##########||||||||||||</controlfield>
         <datafield tag="040" ind1=" " ind2=" ">
            <subfield code="a">GB-PA</subfield>
         </datafield>
         <datafield tag="043" ind1=" " ind2=" ">
            <subfield code="c">GB</subfield>
         </datafield>
         <datafield tag="110" ind1="2" ind2=" ">
            <subfield code="a">Museum and Art Galleries</subfield>
            <subfield code="c">Paisley</subfield>
            <subfield code="g">GB-PA</subfield>
         </datafield>
         <datafield tag="622" ind1=" " ind2=" ">
            <subfield code="e">Museum and Art Galleries, High Street, Paisley, Renfrewshire, PA1 2BA, United Kingdom</subfield>
            <subfield code="u">http://www.renfrewshire.gov.uk/webcontent/home/services/leisure+and+culture/arts+and+museums/els-jcp-paisleymuseum</subfield>
         </datafield>
      </record>