
      <record>
         <leader>00000nz  a2200169   4500</leader>
         <controlfield tag="001">30005651</controlfield>
         <controlfield tag="003">RISM</controlfield>
         <controlfield tag="005">20160216</controlfield>
         <controlfield tag="008">160216n||az|||||||##########||||||||||||</controlfield>
         <datafield tag="040" ind1=" " ind2=" ">
            <subfield code="a">GB-PM</subfield>
         </datafield>
         <datafield tag="043" ind1=" " ind2=" ">
            <subfield code="c">XA-GB</subfield>
         </datafield>
         <datafield tag="110" ind1="2" ind2=" ">
            <subfield code="a">St. Hugh's Charterhouse</subfield>
            <subfield code="c">Parkminster</subfield>
            <subfield code="g">GB-PM</subfield>
         </datafield>
         <datafield tag="622" ind1=" " ind2=" ">
            <subfield code="e">St. Hugh's Charterhouse, GB-Parkminster, Vereinigtes Königreich</subfield>
         </datafield>
      </record>