
      <record>
         <leader>00000nz  a2200169   4500</leader>
         <controlfield tag="001">30001645</controlfield>
         <controlfield tag="003">RISM</controlfield>
         <controlfield tag="005">20160216</controlfield>
         <controlfield tag="008">160216n||az|||||||##########||||||||||||</controlfield>
         <datafield tag="040" ind1=" " ind2=" ">
            <subfield code="a">GB-R</subfield>
         </datafield>
         <datafield tag="043" ind1=" " ind2=" ">
            <subfield code="c">XA-GB</subfield>
         </datafield>
         <datafield tag="110" ind1="2" ind2=" ">
            <subfield code="a">University of Reading Library</subfield>
            <subfield code="c">Reading</subfield>
            <subfield code="g">GB-R</subfield>
         </datafield>
         <datafield tag="410" ind1="2" ind2=" ">
            <subfield code="a">University, Music Library</subfield>
         </datafield>
         <datafield tag="622" ind1=" " ind2=" ">
            <subfield code="e">University of Reading Library, Whiteknights, PO Box 223, Reading RG6 6AE, United Kingdom</subfield>
            <subfield code="u">http://www.reading.ac.uk/library/</subfield>
         </datafield>
      </record>