
      <record>
         <leader>00000nz  a2200169   4500</leader>
         <controlfield tag="001">30003738</controlfield>
         <controlfield tag="003">RISM</controlfield>
         <controlfield tag="005">20160216</controlfield>
         <controlfield tag="008">160216n||az|||||||##########||||||||||||</controlfield>
         <datafield tag="040" ind1=" " ind2=" ">
            <subfield code="a">GB-Rro</subfield>
         </datafield>
         <datafield tag="043" ind1=" " ind2=" ">
            <subfield code="c">XA-GB</subfield>
         </datafield>
         <datafield tag="110" ind1="2" ind2=" ">
            <subfield code="a">Berkshire County Record Office, Library</subfield>
            <subfield code="c">Reading</subfield>
            <subfield code="g">GB-Rro</subfield>
         </datafield>
         <datafield tag="410" ind1="2" ind2=" ">
            <subfield code="a">Berkshire County Record Office, Collection of the Marquess of Downshire</subfield>
         </datafield>
         <datafield tag="410" ind1="2" ind2=" ">
            <subfield code="a">Library of the Berkshire County Record Office</subfield>
         </datafield>
         <datafield tag="622" ind1=" " ind2=" ">
            <subfield code="e">Berkshire County Record Office, Library, GB-Reading, Vereinigtes Königreich</subfield>
         </datafield>
      </record>