
      <record>
         <leader>00000nz  a2200169   4500</leader>
         <controlfield tag="001">30079276</controlfield>
         <controlfield tag="003">RISM</controlfield>
         <controlfield tag="005">20160216</controlfield>
         <controlfield tag="008">160216n||az|||||||##########||||||||||||</controlfield>
         <datafield tag="040" ind1=" " ind2=" ">
            <subfield code="a">GB-RYluckett</subfield>
         </datafield>
         <datafield tag="043" ind1=" " ind2=" ">
            <subfield code="c">GB</subfield>
         </datafield>
         <datafield tag="110" ind1="2" ind2=" ">
            <subfield code="a">Private collection Richard Luckett</subfield>
            <subfield code="c">Rye</subfield>
            <subfield code="g">GB-RYluckett</subfield>
         </datafield>
      </record>