
      <record>
         <leader>00000nz  a2200169   4500</leader>
         <controlfield tag="001">30005684</controlfield>
         <controlfield tag="003">RISM</controlfield>
         <controlfield tag="005">20160216</controlfield>
         <controlfield tag="008">160216n||az|||||||##########||||||||||||</controlfield>
         <datafield tag="040" ind1=" " ind2=" ">
            <subfield code="a">GB-SC</subfield>
         </datafield>
         <datafield tag="043" ind1=" " ind2=" ">
            <subfield code="c">XA-GB</subfield>
         </datafield>
         <datafield tag="110" ind1="2" ind2=" ">
            <subfield code="a">Oscott College, Old Library</subfield>
            <subfield code="c">Sutton Coldfield</subfield>
            <subfield code="g">GB-SC</subfield>
         </datafield>
         <datafield tag="622" ind1=" " ind2=" ">
            <subfield code="e">Oscott College, Old Library, GB-Sutton Coldfield, Vereinigtes Königreich</subfield>
         </datafield>
      </record>