
      <record>
         <leader>00000nz  a2200169   4500</leader>
         <controlfield tag="001">30078876</controlfield>
         <controlfield tag="003">RISM</controlfield>
         <controlfield tag="005">20160216</controlfield>
         <controlfield tag="008">160216n||az|||||||##########||||||||||||</controlfield>
         <datafield tag="040" ind1=" " ind2=" ">
            <subfield code="a">GB-SFda</subfield>
         </datafield>
         <datafield tag="043" ind1=" " ind2=" ">
            <subfield code="c">GB</subfield>
         </datafield>
         <datafield tag="110" ind1="2" ind2=" ">
            <subfield code="a">Downside Abbey, Archives and Library</subfield>
            <subfield code="c">Stratton-on-the-Fosse</subfield>
            <subfield code="g">GB-SFda</subfield>
         </datafield>
         <datafield tag="622" ind1=" " ind2=" ">
            <subfield code="e">Downside Abbey, Archives and Library, Stratton-on-the-Fosse, Bath, BA3 4RH, United Kingdom</subfield>
            <subfield code="u">http://www.downside.co.uk/Abbey/monastic_library/about_downside_history_office.php#</subfield>
         </datafield>
      </record>