
      <record>
         <leader>00000nz  a2200169   4500</leader>
         <controlfield tag="001">30001649</controlfield>
         <controlfield tag="003">RISM</controlfield>
         <controlfield tag="005">20160216</controlfield>
         <controlfield tag="008">160216n||az|||||||##########||||||||||||</controlfield>
         <datafield tag="040" ind1=" " ind2=" ">
            <subfield code="a">GB-SH</subfield>
         </datafield>
         <datafield tag="043" ind1=" " ind2=" ">
            <subfield code="c">XA-GB</subfield>
         </datafield>
         <datafield tag="110" ind1="2" ind2=" ">
            <subfield code="a">Sherborne School Library</subfield>
            <subfield code="c">Sherborne</subfield>
            <subfield code="g">GB-SH</subfield>
         </datafield>
         <datafield tag="410" ind1="2" ind2=" ">
            <subfield code="a">School Library</subfield>
         </datafield>
         <datafield tag="622" ind1=" " ind2=" ">
            <subfield code="e">Sherborne School Library, GB-Sherborne (Dorset), Vereinigtes Königreich</subfield>
         </datafield>
      </record>