
      <record>
         <leader>00000nz  a2200169   4500</leader>
         <controlfield tag="001">30001650</controlfield>
         <controlfield tag="003">RISM</controlfield>
         <controlfield tag="005">20160216</controlfield>
         <controlfield tag="008">160216n||az|||||||##########||||||||||||</controlfield>
         <datafield tag="040" ind1=" " ind2=" ">
            <subfield code="a">GB-SHE</subfield>
         </datafield>
         <datafield tag="043" ind1=" " ind2=" ">
            <subfield code="c">XA-GB</subfield>
         </datafield>
         <datafield tag="110" ind1="2" ind2=" ">
            <subfield code="a">The University Library - Western Bank Library</subfield>
            <subfield code="c">Sheffield</subfield>
            <subfield code="g">GB-SHE</subfield>
         </datafield>
         <datafield tag="622" ind1=" " ind2=" ">
            <subfield code="e">The University Library - Western Bank,  Library, Western Bank, Sheffield S10 2TN, United Kingdom</subfield>
            <subfield code="u">http://www.sheffield.ac.uk/library</subfield>
         </datafield>
      </record>