
      <record>
         <leader>00000nz  a2200169   4500</leader>
         <controlfield tag="001">30079922</controlfield>
         <controlfield tag="003">RISM</controlfield>
         <controlfield tag="005">20160216</controlfield>
         <controlfield tag="008">160216n||az|||||||##########||||||||||||</controlfield>
         <datafield tag="040" ind1=" " ind2=" ">
            <subfield code="a">GB-SHU</subfield>
         </datafield>
         <datafield tag="043" ind1=" " ind2=" ">
            <subfield code="c">GB</subfield>
         </datafield>
         <datafield tag="110" ind1="2" ind2=" ">
            <subfield code="a">Shulbrede Priory</subfield>
            <subfield code="c">Shulbrede</subfield>
            <subfield code="g">GB-SHU</subfield>
         </datafield>
         <datafield tag="622" ind1=" " ind2=" ">
            <subfield code="e">Shulbrede Priory, Linchmere, West Sussex GU27 3NQ, United Kingdom</subfield>
         </datafield>
      </record>