
      <record>
         <leader>00000nz  a2200169   4500</leader>
         <controlfield tag="001">30003041</controlfield>
         <controlfield tag="003">RISM</controlfield>
         <controlfield tag="005">20160216</controlfield>
         <controlfield tag="008">160216n||az|||||||##########||||||||||||</controlfield>
         <datafield tag="040" ind1=" " ind2=" ">
            <subfield code="a">GB-SRfa</subfield>
         </datafield>
         <datafield tag="043" ind1=" " ind2=" ">
            <subfield code="c">XA-GB</subfield>
         </datafield>
         <datafield tag="110" ind1="2" ind2=" ">
            <subfield code="a">Fountains Abbey</subfield>
            <subfield code="c">Studley Royal</subfield>
            <subfield code="g">GB-SRfa</subfield>
         </datafield>
         <datafield tag="580" ind1=" " ind2=" ">
            <subfield code="x">GB-LEc</subfield>
            <subfield code="0">30001608</subfield>
         </datafield>
      </record>