
      <record>
         <leader>00000nz  a2200169   4500</leader>
         <controlfield tag="001">30001654</controlfield>
         <controlfield tag="003">RISM</controlfield>
         <controlfield tag="005">20160216</controlfield>
         <controlfield tag="008">160216n||az|||||||##########||||||||||||</controlfield>
         <datafield tag="040" ind1=" " ind2=" ">
            <subfield code="a">GB-STA</subfield>
         </datafield>
         <datafield tag="043" ind1=" " ind2=" ">
            <subfield code="c">XA-GB</subfield>
         </datafield>
         <datafield tag="110" ind1="2" ind2=" ">
            <subfield code="a">Staffordshire Record Office</subfield>
            <subfield code="c">Stafford</subfield>
            <subfield code="g">GB-STA</subfield>
         </datafield>
         <datafield tag="622" ind1=" " ind2=" ">
            <subfield code="e">Staffordshire Record Office, Eastgate Street, Stafford ST16 2LZ, United Kingdom</subfield>
            <subfield code="u">http://www.staffordshire.gov.uk/leisure/archives/contact/sro/home.aspx</subfield>
         </datafield>
      </record>