
      <record>
         <leader>00000nz  a2200169   4500</leader>
         <controlfield tag="001">30078889</controlfield>
         <controlfield tag="003">RISM</controlfield>
         <controlfield tag="005">20160216</controlfield>
         <controlfield tag="008">160216n||az|||||||##########||||||||||||</controlfield>
         <datafield tag="040" ind1=" " ind2=" ">
            <subfield code="a">GB-STI</subfield>
         </datafield>
         <datafield tag="043" ind1=" " ind2=" ">
            <subfield code="c">GB</subfield>
         </datafield>
         <datafield tag="110" ind1="2" ind2=" ">
            <subfield code="a">Council Archives</subfield>
            <subfield code="c">Stirling</subfield>
            <subfield code="g">GB-STI</subfield>
         </datafield>
         <datafield tag="622" ind1=" " ind2=" ">
            <subfield code="e">Council Archives, 5 Borrowmeadow Road, Stirling FK7 7UW&#xD;, United Kingdom</subfield>
            <subfield code="u">http://www.stirling.gov.uk/services/community-life-and-leisure/libraries-and-archives/archives</subfield>
         </datafield>
      </record>