
      <record>
         <leader>00000nz  a2200169   4500</leader>
         <controlfield tag="001">30078890</controlfield>
         <controlfield tag="003">RISM</controlfield>
         <controlfield tag="005">20160216</controlfield>
         <controlfield tag="008">160216n||az|||||||##########||||||||||||</controlfield>
         <datafield tag="040" ind1=" " ind2=" ">
            <subfield code="a">GB-STR</subfield>
         </datafield>
         <datafield tag="043" ind1=" " ind2=" ">
            <subfield code="c">GB</subfield>
         </datafield>
         <datafield tag="110" ind1="2" ind2=" ">
            <subfield code="a">Museum</subfield>
            <subfield code="c">Stranraer</subfield>
            <subfield code="g">GB-STR</subfield>
         </datafield>
         <datafield tag="622" ind1=" " ind2=" ">
            <subfield code="e">Museum, The Old Town Hall, 55 George Street, Stranraer, Dumfries and Galloway, DG9 7JP, United Kingdom</subfield>
            <subfield code="u">http://www.museumsgalleriesscotland.org.uk/member/stranraer-museum</subfield>
         </datafield>
      </record>