
      <record>
         <leader>00000nz  a2200169   4500</leader>
         <controlfield tag="001">30001657</controlfield>
         <controlfield tag="003">RISM</controlfield>
         <controlfield tag="005">20160216</controlfield>
         <controlfield tag="008">160216n||az|||||||##########||||||||||||</controlfield>
         <datafield tag="040" ind1=" " ind2=" ">
            <subfield code="a">GB-SWu</subfield>
         </datafield>
         <datafield tag="043" ind1=" " ind2=" ">
            <subfield code="c">XA-GB</subfield>
         </datafield>
         <datafield tag="110" ind1="2" ind2=" ">
            <subfield code="a">Swansea University, Library and Information Centre</subfield>
            <subfield code="c">Swansea</subfield>
            <subfield code="g">GB-SWu</subfield>
         </datafield>
         <datafield tag="410" ind1="2" ind2=" ">
            <subfield code="a">Prifysgol Abertawe</subfield>
         </datafield>
         <datafield tag="410" ind1="2" ind2=" ">
            <subfield code="a">University College</subfield>
         </datafield>
         <datafield tag="622" ind1=" " ind2=" ">
            <subfield code="e">Swansea University, Library and,  Information Centre, Singleton Park, Swansea SA2 8PP, United Kingdom</subfield>
            <subfield code="u"> http://www.swansea.ac.uk/lis/library/</subfield>
         </datafield>
      </record>