
      <record>
         <leader>00000nz  a2200169   4500</leader>
         <controlfield tag="001">30005755</controlfield>
         <controlfield tag="003">RISM</controlfield>
         <controlfield tag="005">20160216</controlfield>
         <controlfield tag="008">160216n||az|||||||##########||||||||||||</controlfield>
         <datafield tag="040" ind1=" " ind2=" ">
            <subfield code="a">GB-TWmacnutt</subfield>
         </datafield>
         <datafield tag="043" ind1=" " ind2=" ">
            <subfield code="c">XA-GB</subfield>
         </datafield>
         <datafield tag="110" ind1="2" ind2=" ">
            <subfield code="a">Richard Macnutt, private collection</subfield>
            <subfield code="c">Tunbridge Wells</subfield>
            <subfield code="g">GB-TWmacnutt</subfield>
         </datafield>
      </record>