
      <record>
         <leader>00000nz  a2200169   4500</leader>
         <controlfield tag="001">30001660</controlfield>
         <controlfield tag="003">RISM</controlfield>
         <controlfield tag="005">20160216</controlfield>
         <controlfield tag="008">160216n||az|||||||##########||||||||||||</controlfield>
         <datafield tag="040" ind1=" " ind2=" ">
            <subfield code="a">GB-WB</subfield>
         </datafield>
         <datafield tag="043" ind1=" " ind2=" ">
            <subfield code="c">XA-GB</subfield>
         </datafield>
         <datafield tag="110" ind1="2" ind2=" ">
            <subfield code="a">Wimborne Minster, The Chained Library</subfield>
            <subfield code="c">Wimborne</subfield>
            <subfield code="g">GB-WB</subfield>
         </datafield>
         <datafield tag="622" ind1=" " ind2=" ">
            <subfield code="e">Wimborne Minster, The Chained Library, High Street, Wimborne BH21 1HT, United Kingdom</subfield>
            <subfield code="u">http://www.wimborneminster.org.uk</subfield>
         </datafield>
      </record>