
      <record>
         <leader>00000nz  a2200169   4500</leader>
         <controlfield tag="001">30076120</controlfield>
         <controlfield tag="003">RISM</controlfield>
         <controlfield tag="005">20160216</controlfield>
         <controlfield tag="008">160216n||az|||||||##########||||||||||||</controlfield>
         <datafield tag="040" ind1=" " ind2=" ">
            <subfield code="a">GB-WBsc</subfield>
         </datafield>
         <datafield tag="043" ind1=" " ind2=" ">
            <subfield code="c">XA-GB</subfield>
         </datafield>
         <datafield tag="110" ind1="2" ind2=" ">
            <subfield code="a">Library of the Minster Curch of St. Cuthburga</subfield>
            <subfield code="c">Wimborne Minster</subfield>
            <subfield code="g">GB-WBsc</subfield>
         </datafield>
         <datafield tag="622" ind1=" " ind2=" ">
            <subfield code="e">Library of the Minster Curch of St., Cuthburga, GB -  Wimborne Minster, GB -  Wimborne Minster</subfield>
         </datafield>
      </record>