
      <record>
         <leader>00000nz  a2200169   4500</leader>
         <controlfield tag="001">30001662</controlfield>
         <controlfield tag="003">RISM</controlfield>
         <controlfield tag="005">20160216</controlfield>
         <controlfield tag="008">160216n||az|||||||##########||||||||||||</controlfield>
         <datafield tag="040" ind1=" " ind2=" ">
            <subfield code="a">GB-WCr</subfield>
         </datafield>
         <datafield tag="043" ind1=" " ind2=" ">
            <subfield code="c">XA-GB</subfield>
         </datafield>
         <datafield tag="110" ind1="2" ind2=" ">
            <subfield code="a">Hampshire Record Office</subfield>
            <subfield code="c">Winchester</subfield>
            <subfield code="g">GB-WCr</subfield>
         </datafield>
         <datafield tag="410" ind1="2" ind2=" ">
            <subfield code="a">Hampshire Archives and Local Studies</subfield>
         </datafield>
         <datafield tag="622" ind1=" " ind2=" ">
            <subfield code="e">Hampshire Record Office, Sussex Street, Winchester SO23 8TH, United Kingdom</subfield>
            <subfield code="u">http://www3.hants.gov.uk/archives</subfield>
         </datafield>
      </record>