
      <record>
         <leader>00000nz  a2200169   4500</leader>
         <controlfield tag="001">30003739</controlfield>
         <controlfield tag="003">RISM</controlfield>
         <controlfield tag="005">20160216</controlfield>
         <controlfield tag="008">160216n||az|||||||##########||||||||||||</controlfield>
         <datafield tag="040" ind1=" " ind2=" ">
            <subfield code="a">GB-WMl</subfield>
         </datafield>
         <datafield tag="043" ind1=" " ind2=" ">
            <subfield code="c">XA-GB</subfield>
         </datafield>
         <datafield tag="110" ind1="2" ind2=" ">
            <subfield code="a">Longleat House Old Library</subfield>
            <subfield code="c">Warminster</subfield>
            <subfield code="g">GB-WMl</subfield>
         </datafield>
         <datafield tag="622" ind1=" " ind2=" ">
            <subfield code="e">Longleat House Old Library, Dr Kate Harris, The Estate Office, Warminster BA12 7NW, United Kingdom</subfield>
            <subfield code="u">http://www.longleat.co.uk/about/library-and-archives/</subfield>
         </datafield>
      </record>