
      <record>
         <leader>00000nz  a2200169   4500</leader>
         <controlfield tag="001">30080442</controlfield>
         <controlfield tag="003">RISM</controlfield>
         <controlfield tag="005">20160216</controlfield>
         <controlfield tag="008">160216n||az|||||||##########||||||||||||</controlfield>
         <datafield tag="040" ind1=" " ind2=" ">
            <subfield code="a">GB-WOebm</subfield>
         </datafield>
         <datafield tag="043" ind1=" " ind2=" ">
            <subfield code="c">XA-GB</subfield>
         </datafield>
         <datafield tag="110" ind1="2" ind2=" ">
            <subfield code="a">The Elgar Birthplace Museum</subfield>
            <subfield code="c">Worcester</subfield>
            <subfield code="g">GB-WOebm</subfield>
         </datafield>
         <datafield tag="622" ind1=" " ind2=" ">
            <subfield code="e">The Elgar Birthplace Museum, Lower Broadheath, Crown East Lane, Worcester WR2 6RH, United Kingdom</subfield>
            <subfield code="u">http://www.elgarmuseum.org/</subfield>
         </datafield>
      </record>