
      <record>
         <leader>00000nz  a2200169   4500</leader>
         <controlfield tag="001">30006627</controlfield>
         <controlfield tag="003">RISM</controlfield>
         <controlfield tag="005">20160216</controlfield>
         <controlfield tag="008">160216n||az|||||||##########||||||||||||</controlfield>
         <datafield tag="040" ind1=" " ind2=" ">
            <subfield code="a">GB-WOKhc</subfield>
         </datafield>
         <datafield tag="043" ind1=" " ind2=" ">
            <subfield code="c">XA-GB</subfield>
         </datafield>
         <datafield tag="110" ind1="2" ind2=" ">
            <subfield code="a">Surrey History Centre</subfield>
            <subfield code="c">Woking</subfield>
            <subfield code="g">GB-WOKhc</subfield>
         </datafield>
         <datafield tag="622" ind1=" " ind2=" ">
            <subfield code="e">Surrey History Centre, 130 Goldsworth Road, Woking GU21 6ND, United Kingdom</subfield>
            <subfield code="u">http://www.surreycc.gov.uk/sccwebsite/sccwspages.nsf/LookupWebPagesByTITLE_RTF/Surrey+History+Centre?opendocument</subfield>
         </datafield>
      </record>