
      <record>
         <leader>00000nz  a2200169   4500</leader>
         <controlfield tag="001">30061552</controlfield>
         <controlfield tag="003">RISM</controlfield>
         <controlfield tag="005">20160216</controlfield>
         <controlfield tag="008">160216n||az|||||||##########||||||||||||</controlfield>
         <datafield tag="040" ind1=" " ind2=" ">
            <subfield code="a">GB-WPforester</subfield>
         </datafield>
         <datafield tag="043" ind1=" " ind2=" ">
            <subfield code="c">XA-GB</subfield>
         </datafield>
         <datafield tag="110" ind1="2" ind2=" ">
            <subfield code="a">Private Library of Lord Forester &lt;Willey Park&gt;</subfield>
            <subfield code="c">Willey Park</subfield>
            <subfield code="g">GB-WPforester</subfield>
         </datafield>
      </record>