
      <record>
         <leader>00000nz  a2200169   4500</leader>
         <controlfield tag="001">30001666</controlfield>
         <controlfield tag="003">RISM</controlfield>
         <controlfield tag="005">20160216</controlfield>
         <controlfield tag="008">160216n||az|||||||##########||||||||||||</controlfield>
         <datafield tag="040" ind1=" " ind2=" ">
            <subfield code="a">GB-WRch</subfield>
         </datafield>
         <datafield tag="043" ind1=" " ind2=" ">
            <subfield code="c">XA-GB</subfield>
         </datafield>
         <datafield tag="110" ind1="2" ind2=" ">
            <subfield code="a">Chapter Library</subfield>
            <subfield code="c">Windsor</subfield>
            <subfield code="g">GB-WRch</subfield>
         </datafield>
         <datafield tag="410" ind1="2" ind2=" ">
            <subfield code="a">Chapter Library, St. George's Chapel</subfield>
         </datafield>
         <datafield tag="410" ind1="2" ind2=" ">
            <subfield code="a">St. George's Chapter Library</subfield>
         </datafield>
         <datafield tag="622" ind1=" " ind2=" ">
            <subfield code="e">Chapter Library, The Cloisters, Windsor Castle, GB, -Windsor (Berkshire), Vereinigtes Königreich</subfield>
         </datafield>
      </record>