
      <record>
         <leader>00000nz  a2200169   4500</leader>
         <controlfield tag="001">30006628</controlfield>
         <controlfield tag="003">RISM</controlfield>
         <controlfield tag="005">20160216</controlfield>
         <controlfield tag="008">160216n||az|||||||##########||||||||||||</controlfield>
         <datafield tag="040" ind1=" " ind2=" ">
            <subfield code="a">GB-WWro</subfield>
         </datafield>
         <datafield tag="043" ind1=" " ind2=" ">
            <subfield code="c">XA-GB</subfield>
         </datafield>
         <datafield tag="110" ind1="2" ind2=" ">
            <subfield code="a">Warwickshire County Record Office</subfield>
            <subfield code="c">Warwick</subfield>
            <subfield code="g">GB-WWro</subfield>
         </datafield>
         <datafield tag="622" ind1=" " ind2=" ">
            <subfield code="e">Warwickshire County Record Office, Priory Park, Cape Road, Warwick CV34 4JS, United Kingdom</subfield>
            <subfield code="u">http://www.warwickshire.gov.uk/countyrecordoffice</subfield>
         </datafield>
      </record>