
      <record>
         <leader>00000nz  a2200169   4500</leader>
         <controlfield tag="001">30001668</controlfield>
         <controlfield tag="003">RISM</controlfield>
         <controlfield tag="005">20160216</controlfield>
         <controlfield tag="008">160216n||az|||||||##########||||||||||||</controlfield>
         <datafield tag="040" ind1=" " ind2=" ">
            <subfield code="a">GB-Y</subfield>
         </datafield>
         <datafield tag="043" ind1=" " ind2=" ">
            <subfield code="c">XA-GB</subfield>
         </datafield>
         <datafield tag="110" ind1="2" ind2=" ">
            <subfield code="a">Minster Library</subfield>
            <subfield code="c">York</subfield>
            <subfield code="g">GB-Y</subfield>
         </datafield>
         <datafield tag="622" ind1=" " ind2=" ">
            <subfield code="e">Minster Library, The Old Palace, Dean's Park, York YO1 7JQ, United Kingdom</subfield>
            <subfield code="u">http://www.yorkminster.org/learning/the-historic-collections/library/</subfield>
         </datafield>
      </record>