
      <record>
         <leader>00000nz  a2200169   4500</leader>
         <controlfield tag="001">30001669</controlfield>
         <controlfield tag="003">RISM</controlfield>
         <controlfield tag="005">20160216</controlfield>
         <controlfield tag="008">160216n||az|||||||##########||||||||||||</controlfield>
         <datafield tag="040" ind1=" " ind2=" ">
            <subfield code="a">GB-Ybi</subfield>
         </datafield>
         <datafield tag="043" ind1=" " ind2=" ">
            <subfield code="c">XA-GB</subfield>
         </datafield>
         <datafield tag="110" ind1="2" ind2=" ">
            <subfield code="a">Borthwick Institute of Historical Research</subfield>
            <subfield code="c">York</subfield>
            <subfield code="g">GB-Ybi</subfield>
         </datafield>
         <datafield tag="622" ind1=" " ind2=" ">
            <subfield code="e">Borthwick Institute of Historical, Research, York, Vereinigtes Königreich</subfield>
         </datafield>
      </record>